@article{Smethurst2012,
author = {Smethurst, H.E. and Witham, C. and Robins, A.G. and Murray, V.S.G.},
journal = {Journal of Wind Engineering and Industrial Aerodynamics},
keywords = {Agriculture,Back trajectories,Dispersion modelling,Long range transport,Odour},
pages = {60--72},
publisher = {Elsevier},
title = {{An exceptional case of long range odorant transport}},
volume = {103},
year = {2012}
}
@techreport{Ashmore2010,
author = {Ashmore, Mike and Terry, Andrew and Stedman, John and Technology, A E A and Bell, Margaret and Namdeo, Anil},
number = {002},
pages = {1--52},
title = {{Quantification of health impacts of airborne particulates : comparing estimates based on personal exposure and outdoor concentrations}},
year = {2010}
}
@article{Brunekreef2007,
author = {Brunekreef, Bert},
isbn = {1559-0631},
journal = {Journal of exposure science \& environmental epidemiology},
keywords = {air pollution,allergy,asthma,cohort,mortality,traffic},
pages = {S61--S65},
pmid = {18079765},
title = {{Health effects of air pollution observed in cohort studies in Europe.}},
volume = {17 Suppl 2},
year = {2007}
}
@article{Goodman2013,
author = {Goodman, Anna and Panter, Jenna and Sharp, Stephen J and Ogilvie, David},
journal = {Social science \& medicine (1982)},
keywords = {Bicycling,Bicycling: statistics \& numerical data,Case-Control Studies,England,Health Promotion,Health Promotion: methods,Humans,Longitudinal Studies,Poverty Areas,Program Evaluation,Residence Characteristics,Residence Characteristics: statistics \& numerical,Small-Area Analysis,Transportation,Transportation: methods,Transportation: statistics \& numerical data,Walking,Walking: statistics \& numerical data},
pages = {228--37},
pmid = {24075196},
title = {{Effectiveness and equity impacts of town-wide cycling initiatives in England: a longitudinal, controlled natural experimental study.}},
volume = {97},
year = {2013}
}
@misc{TheWorldBank2013,
author = {{The World Bank}},
booktitle = {The World Bank website},
keywords = {cars,vehicles},
mendeley-tags = {cars,vehicles},
title = {{The World Band}},
year = {2013}
}
@article{Kousa2002,
author = {Kousa, Anu and Kukkonen, Jaakko and Karppinen, Ari and Aarnio, P\"{a}ivi and Koskentalo, Tarja},
isbn = {1352-2310},
journal = {Atmospheric Environment},
keywords = {EXPOLIS,Exposure model,GIS,Nitrogen dioxide,Population exposure},
number = {13},
pages = {2109--2119},
title = {{A model for evaluating the population exposure to ambient air pollution in an urban area}},
volume = {36},
year = {2002}
}
@article{Gulliver2007,
author = {Gulliver, John and Briggs, David J.},
journal = {Atmospheric Environment},
keywords = {exposure,microenvironment,particles,personal monitoring,transport},
number = {34},
pages = {7195--7207},
title = {{Journey-time exposure to particulate air pollution}},
volume = {41},
year = {2007}
}
@article{Stevens2010,
author = {Stevens, Matthias and D'Hondt, E},
isbn = {9781605588438},
journal = {\ldots Crowdsourcing Workshop at UbiComp},
pages = {0--3},
title = {{Crowdsourcing of pollution data using smartphones}},
year = {2010}
}
@article{Janssen2011,
author = {Janssen, Nicole A H and Hoek, Gerard and Simic-lawson, Milena and Fischer, Paul and Bree, Leendert Van and Brink, Harry and Keuken, Menno and Atkinson, Richard W and Anderson, H Ross and Brunekreef, Bert and Cassee, Flemming R},
journal = {Environmental health \ldots},
number = {12},
pages = {1691--1699},
title = {{Black carbon as an additional indicator of the adverse health effects of airborne particles compared with PM10 and PM2. 5}},
volume = {119},
year = {2011}
}
@article{Kearney2014,
author = {Kearney, Jill and Wallace, Lance and MacNeill, Morgan and H\'{e}roux, Marie-Eve and Kindzierski, Warren and Wheeler, Amanda},
journal = {Atmospheric Environment},
keywords = {indoor exposure,ultra fi ne particles},
mendeley-tags = {indoor exposure},
pages = {793--805},
title = {{Residential infiltration of fine and ultrafine particles in Edmonton}},
volume = {94},
year = {2014}
}
@article{Tonne2010,
author = {Tonne, Cathryn and Beevers, Sean and Kelly, Frank J and Jarup, Lars and Wilkinson, Paul and Armstrong, Ben},
journal = {Occupational and environmental medicine},
keywords = {Air Pollutants,Air Pollutants: adverse effects,Cardiovascular Diseases,Cardiovascular Diseases: chemically induced,Cardiovascular Diseases: epidemiology,Databases,Environmental Exposure,Environmental Exposure: adverse effects,Factual,Female,Hospitalization,Hospitalization: statistics \& numerical data,Humans,London,London: epidemiology,Male,Motor Vehicles,Motor Vehicles: statistics \& numerical data,Nitrogen Oxides,Nitrogen Oxides: toxicity,Particulate Matter,Respiratory Tract Diseases,Respiratory Tract Diseases: chemically induced,Respiratory Tract Diseases: epidemiology,Risk Factors,Time Factors},
number = {6},
pages = {422--7},
pmid = {19914909},
title = {{An approach for estimating the health effects of changes over time in air pollution: an illustration using cardio-respiratory hospital admissions in London.}},
volume = {67},
year = {2010}
}
@article{Kloog2012,
author = {Kloog, Itai and Coull, Brent a and Zanobetti, Antonella and Koutrakis, Petros and Schwartz, Joel D},
journal = {PloS one},
keywords = {80 and over,Aged,Air Pollutants,Air Pollutants: toxicity,Cardiovascular Diseases,Cardiovascular Diseases: epidemiology,Diabetes Mellitus,Diabetes Mellitus: epidemiology,Environmental Exposure,Female,Hospitalization,Hospitalization: statistics \& numerical data,Humans,Male,Middle Aged,Models,New England,New England: epidemiology,Particle Size,Particulate Matter,Particulate Matter: toxicity,Regression Analysis,Respiratory Tract Diseases,Respiratory Tract Diseases: epidemiology,Statistical,long-term exposure,short-term exposure},
mendeley-tags = {long-term exposure,short-term exposure},
number = {4},
pages = {e34664},
pmid = {22529923},
title = {{Acute and chronic effects of particles on hospital admissions in New-England.}},
volume = {7},
year = {2012}
}
@misc{MySQL2014,
author = {MySQL},
keywords = {Database},
mendeley-tags = {Database},
title = {{MySQL Community Edition: The world's most popular open source database}},
year = {2014}
}
@article{Llop2008,
author = {Llop, Sabrina and Ballester, Ferran and Estarlich, Marisa and Ibarluzea, Jes\'{u}s and Manrique, Agurtzane and Rebagliato, Marisa and Esplugues, Ana and I\~{n}iguez, Carmen},
isbn = {0048-9697},
journal = {Science of The Total Environment},
keywords = {1-Hidroxypyrene,Air pollution,Biomarker,PAHs,Pregnancy},
number = {1},
pages = {97--104},
title = {{Urinary 1-hydroxypyrene, air pollution exposure and associated life style factors in pregnant women}},
volume = {407},
year = {2008}
}
@article{Dons2013b,
author = {Dons, Evi and {Van Poppel}, Martine and Kochan, Bruno and Wets, Geert and {Int Panis}, Luc},
journal = {Atmospheric Environment},
pages = {237--246},
publisher = {Elsevier Ltd},
title = {{Modeling temporal and spatial variability of traffic-related air pollution: Hourly land use regression models for black carbon}},
volume = {74},
year = {2013}
}
@misc{Williams2013,
author = {Williams, Martin},
booktitle = {The Conversation},
keywords = {co2,diesel,petrol,vehicles},
mendeley-tags = {co2,diesel,petrol,vehicles},
title = {{Failure to test for the real world has left a polluting diesel legacy}},
year = {2013}
}
@article{Zuurbier2010,
author = {Zuurbier, Moniek and Hoek, Gerard and Oldenwening, Marieke and Lenters, Virissa and Meliefste, Kees and van den Hazel, Peter and Brunekreef, Bert},
journal = {Environmental health perspectives},
keywords = {Cities,Environmental Exposure,Environmental Exposure: analysis,Geography,Humans,Netherlands,Nonparametric,Particulate Matter,Particulate Matter: analysis,Petroleum,Statistics,Transportation,Transportation: statistics \& numerical data,Vehicle Emissions,Vehicle Emissions: analysis,transport,transport exposure},
mendeley-tags = {transport,transport exposure},
number = {6},
pages = {783--9},
pmid = {20185385},
title = {{Commuters' exposure to particulate matter air pollution is affected by mode of transport, fuel type, and route.}},
volume = {118},
year = {2010}
}
@article{Eeftens2012,
author = {Eeftens, Marloes and Beelen, Rob and de Hoogh, Kees and Bellander, Tom and Cesaroni, Giulia and Cirach, Marta and Declercq, Christophe and Dėdelė, Audrius and Dons, Evi and de Nazelle, Audrey and Dimakopoulou, Konstantina and Eriksen, Kirsten and Falq, Gr\'{e}goire and Fischer, Paul and Galassi, Claudia and Gra\v{z}ulevi\v{c}ienė, Regina and Heinrich, Joachim and Hoffmann, Barbara and Jerrett, Michael and Keidel, Dirk and Korek, Michal and Lanki, Timo and Lindley, Sarah and Madsen, Christian and M\"{o}lter, Anna and N\'{a}dor, Gizella and Nieuwenhuijsen, Mark and Nonnemacher, Michael and Pedeli, Xanthi and Raaschou-Nielsen, Ole and Patelarou, Evridiki and Quass, Ulrich and Ranzi, Andrea and Schindler, Christian and Stempfelet, Morgane and Stephanou, Euripides and Sugiri, Dorothea and Tsai, Ming-Yi and Yli-Tuomi, Tarja and Varr\'{o}, Mih\'{a}ly J and Vienneau, Danielle and Klot, Stephanie Von and Wolf, Kathrin and Brunekreef, Bert and Hoek, Gerard},
journal = {Environmental science \& technology},
keywords = {Absorbent Pads,Air Pollutants,Air Pollutants: analysis,Air Pollution,Air Pollution: statistics \& numerical data,Chemical,Environmental Monitoring,Environmental Monitoring: methods,Europe,Geographic Information Systems,LUR,Models,Particulate Matter,Particulate Matter: analysis,Regression Analysis},
mendeley-tags = {LUR},
number = {20},
pages = {11195--205},
pmid = {22963366},
title = {{Development of Land Use Regression models for PM(2.5), PM(2.5) absorbance, PM(10) and PM(coarse) in 20 European study areas; results of the ESCAPE project.}},
volume = {46},
year = {2012}
}
@book{bailey1995,
author = {Bailey, T C and Gatrell, A C},
isbn = {9780582244931},
publisher = {Longman Scientific \& Technical},
title = {{Interactive spatial data analysis}},
year = {1995}
}
@article{IntPanis2010a,
author = {{Int Panis}, Luc and de Geus, Bas and Vandenbulcke, Gr\'{e}gory and Willems, Hanny and Degraeuwe, Bart and Bleux, Nico and Mishra, Vinit and Thomas, Isabelle and Meeusen, Romain},
isbn = {1352-2310},
journal = {Atmospheric Environment},
keywords = {Active travel,Air pollution inhalation,Cycling,Lung deposited dose,PNC,Personal exposure,Physical activity,Traffic emissions,UFP,Ultrafine particulate matter},
number = {19},
pages = {2263--2270},
title = {{Exposure to particulate matter in traffic: A comparison of cyclists and car passengers}},
volume = {44},
year = {2010}
}
@article{Bell2003,
author = {Bell, Michelle L. and Davis, Devra L. and Fletcher, Tony},
journal = {Environmental Health Perspectives},
number = {1},
pages = {6--8},
title = {{A Retrospective Assessment of Mortality from the London Smog Episode of 1952: The Role of Influenza and Pollution}},
volume = {112},
year = {2003}
}
@book{ObeHsu201410,
author = {Obe, Regina O and Hsu, Leo S},
edition = {Second Edi},
isbn = {9781617291395},
keywords = {RDMS},
mendeley-tags = {RDMS},
publisher = {Manning Publications},
title = {{PostGIS in Action, 2nd Edition}},
year = {2014}
}
@article{Sun2004,
author = {SUN, Y and ZHUANG, G and WANG, Y and HAN, L and GUO, J and DAN, M and ZHANG, W and WANG, Z and HAO, Z},
isbn = {8610622061},
journal = {Atmospheric Environment},
keywords = {5,86-10-62206194,86-10-82902844,aerosol,beijing,beijing 100875,beijing normal university,china,en-,factor analysis,fax,pm 10,pm 2,seasonal variation,sources,spatial variation,tel,the center for atmospheric,vironmental study,\~{a} corresponding author},
number = {35},
pages = {5991--6004},
title = {{The air-borne particulate pollution in Beijing?concentration, composition, distribution and sources}},
volume = {38},
year = {2004}
}
@article{Ashmore2009,
author = {Ashmore, M R and Dimitroulopoulou, C},
isbn = {1352-2310},
journal = {Atmospheric Environment},
keywords = {Air pollution,Children,Indoor air quality,Personal exposure},
number = {1},
pages = {128--141},
title = {{Personal exposure of children to air pollution}},
volume = {43},
year = {2009}
}
@misc{TheGuardian2008,
address = {London},
author = {{The Guardian}},
booktitle = {The Guardian Newspaper},
keywords = {odour,pollution,smell,trans-boundary},
mendeley-tags = {odour,pollution,smell,trans-boundary},
title = {{What's that smell?}},
year = {2008}
}
@article{Puustinen2007,
author = {Puustinen, Arto and H\"{a}meri, Kaarle and Pekkanen, Juha and Kulmala, Markku and de Hartog, Jeroen and Meliefste, Kees and ten Brink, Harry and Kos, Gerard and Katsouyanni, Klea and Karakatsani, Anna and Kotronarou, Anastasia and Kavouras, Ilias and Meddings, Claire and Thomas, Steve and Harrison, Roy and Ayres, Jon G. and van der Zee, Saskia and Hoek, Gerard},
isbn = {1352-2310},
journal = {Atmospheric Environment},
keywords = {5,PM10,PM2.5,exposure assessment,particle number concentration,pm 10,pm 2,spatial variation},
number = {31},
pages = {6622--6636},
title = {{Spatial variation of particle number and mass over four European cities}},
volume = {41},
year = {2007}
}
@article{Su2011,
author = {Su, Jason G and Jerrett, Michael and de Nazelle, Audrey and Wolch, Jennifer},
isbn = {0013-9351},
journal = {Environmental Research},
keywords = {Air pollution exposure,Environmental justice,Inhalation doses,Los Angeles,Public parks},
number = {3},
pages = {319--328},
title = {{Does exposure to air pollution in urban parks have socioeconomic, racial or ethnic gradients?}},
volume = {111},
year = {2011}
}
@article{UnitedStatesEnvironmentalProtectionAgency2002,
author = {{United States Environmental Protection Agency}},
isbn = {2002107661},
title = {{Health assessment document for diesel engine exhaust}},
year = {2002}
}
@article{Dubnov2007,
author = {Dubnov, Jonathan and Barchana, Micha and Rishpon, Shmuel and Leventhal, Alex and Segal, Isaac and Carel, Rafael and Portnov, Boris a},
journal = {Environmental research},
keywords = {Adolescent,Air Pollutants,Air Pollutants: analysis,Air Pollutants: toxicity,Air Pollution,Air Pollution: adverse effects,Air Pollution: analysis,Child,Coal,Environmental Exposure,Environmental Exposure: adverse effects,Forced Expiratory Volume,Forced Expiratory Volume: drug effects,Geographic Information Systems,Humans,Israel,Israel: epidemiology,Nitrogen Oxides,Nitrogen Oxides: analysis,Nitrogen Oxides: toxicity,Power Plants,Respiratory Function Tests,Sulfur Dioxide,Sulfur Dioxide: analysis,Sulfur Dioxide: toxicity,Vital Capacity,Vital Capacity: drug effects},
number = {1},
pages = {87--98},
pmid = {16618483},
title = {{Estimating the effect of air pollution from a coal-fired power station on the development of children's pulmonary function.}},
volume = {103},
year = {2007}
}
@book{Colbeck2010a,
address = {Dordrecht},
author = {Colbeck, Ian and Nasir, Zaheer Ahmad},
editor = {Lazaridis, Mihalis and Colbeck, Ian},
isbn = {978-90-481-8662-4},
publisher = {Springer Netherlands},
series = {Environmental Pollution},
title = {{Human Exposure to Pollutants via Dermal Absorption and Inhalation}},
volume = {17},
year = {2010}
}
@book{WorldHealthOrganisation2006,
author = {{World Health Organisation}},
title = {{Air Quality Guidelines: Global Update 2005: Particulate Matter, Ozone, Nitrogen Dioxide and Sulfur Dioxide}},
year = {2006}
}
@techreport{DEFRA2009,
address = {London},
author = {DEFRA},
keywords = {limits,policy},
mendeley-tags = {limits,policy},
number = {February},
title = {{LAQM - Technical Guidance 09}},
year = {2009}
}
@article{Nwokoro2012,
author = {Nwokoro, Chinedu and Ewin, Clare and Harrison, Clare and Ibrahim, Mubin and Dundas, Isobel and Dickson, Iain and Mushtaq, Naseem and Grigg, Jonathan},
journal = {The European respiratory journal},
keywords = {Adult,Air Pollution,Alveolar,Alveolar: chemistry,Bicycling,Female,Humans,Inhalation,London,Macrophages,Male,Soot,Soot: analysis,Work,Young Adult,cycling,cycling exposure},
mendeley-tags = {cycling,cycling exposure},
number = {5},
pages = {1091--7},
pmid = {22362851},
title = {{Cycling to work in London and inhaled dose of black carbon.}},
volume = {40},
year = {2012}
}
@article{Kloog2013,
author = {Kloog, Itai and Ridgway, Bill and Koutrakis, Petros and Coull, Brent a and Schwartz, Joel D},
journal = {Epidemiology (Cambridge, Mass.)},
keywords = {Environmental Exposure,Environmental Exposure: adverse effects,Environmental Exposure: statistics \& numerical dat,Humans,Massachusetts,Massachusetts: epidemiology,Models,Mortality,Mortality: trends,Particle Size,Particulate Matter,Particulate Matter: adverse effects,Remote Sensing Technology,Theoretical,Time Factors,long-term exposure,short-term exposure},
mendeley-tags = {long-term exposure,short-term exposure},
number = {4},
pages = {555--61},
pmid = {23676266},
title = {{Long- and short-term exposure to PM2.5 and mortality: using novel exposure models.}},
volume = {24},
year = {2013}
}
@article{Steiniger2013,
author = {Steiniger, Stefan and Hunter, Andrew J S},
journal = {Computers, Environment and Urban Systems},
keywords = {FOSS4G,Free software,GIS,GIS software,Open source,Overview,Software selection},
mendeley-tags = {GIS},
pages = {136--150},
publisher = {Elsevier Ltd},
title = {{The 2012 free and open source GIS software map – A guide to facilitate research , development , and adoption}},
volume = {39},
year = {2013}
}
@article{Silva2013,
author = {Silva, Raquel a and West, J Jason and Zhang, Yuqiang and Anenberg, Susan C and Lamarque, Jean-Fran\c{c}ois and Shindell, Drew T and Collins, William J and Dalsoren, Stig and Faluvegi, Greg and Folberth, Gerd and Horowitz, Larry W and Nagashima, Tatsuya and Naik, Vaishali and Rumbold, Steven and Skeie, Ragnhild and Sudo, Kengo and Takemura, Toshihiko and Bergmann, Daniel and Cameron-Smith, Philip and Cionni, Irene and Doherty, Ruth M and Eyring, Veronika and Josse, Beatrice and MacKenzie, I a and Plummer, David and Righi, Mattia and Stevenson, David S and Strode, Sarah and Szopa, Sophie and Zeng, Guang},
journal = {Environmental Research Letters},
number = {3},
pages = {034005},
title = {{Global premature mortality due to anthropogenic outdoor air pollution and the contribution of past climate change}},
volume = {8},
year = {2013}
}
@article{Restrepo2004,
author = {Restrepo, Carlos and Zimmerman, Rae and Thurston, George and Clemente, Jessica and Gorczynski, John and Zhong, Mianhua and Blaustein, Martin and {Chi Chen}, Lung},
isbn = {1352-2310},
journal = {Atmospheric Environment},
keywords = {Air pollution,Air quality,Asthma,Bronx County,Monitoring,New York},
number = {31},
pages = {5295--5304},
title = {{A comparison of ground-level air quality data with New York State Department of Environmental Conservation monitoring stations data in South Bronx, New York}},
volume = {38},
year = {2004}
}
@article{Stohl2003,
author = {Stohl, a.},
journal = {Journal of Geophysical Research},
keywords = {air pollution,doi:10.1029/2002JD002862,http://dx.doi.org/10.1029/2002JD002862,trans-boundary},
mendeley-tags = {air pollution,trans-boundary},
number = {D12},
pages = {4370},
title = {{A backward modeling study of intercontinental pollution transport using aircraft measurements}},
volume = {108},
year = {2003}
}
@article{Calderon-Garciduena2002,
author = {Calder\'{o}n-Garcidue\~{n}a, Lilian and Azzarelli, Biagio and Acuna, Hilda and Garcia, Raquel and Gambling, Todd M. and Osnaya, Norma and Monroy, Sylvia and Tizapantzi, Maria Del Rosario and Carson, Johnny L. and Villarreal-Calderon, Anna and Rewcastle, Barry},
journal = {Toxicologic Pathology},
keywords = {air pollution,alzheimer,bbb,canines,inos,mexico city,nasal epithelia,nf j b,s},
number = {3},
pages = {373--389},
title = {{Air Pollution and Brain Damage}},
volume = {30},
year = {2002}
}
@techreport{Barratt2013,
address = {London},
author = {Barratt, Benjamin and Smith, James and Stewart, Gregor and Barratt, Authors Ben},
institution = {King's College London},
keywords = {air pollution,microaeth,oxford street,peronal monitoring,regents street},
mendeley-tags = {air pollution,microaeth,oxford street,peronal monitoring,regents street},
number = {November 2012},
pages = {15},
title = {{The air quality impact of the Regent Street ‘traffic free day’, 3rd November 2012}},
year = {2013}
}
@article{Nasir2009,
author = {Nasir, Zaheer Ahmad and Colbeck, Ian},
isbn = {0120687259},
journal = {Journal of environmental monitoring : JEM},
keywords = {Air Conditioning,Air Pollution,England,Environmental Monitoring,Environmental Monitoring: methods,Facility Design and Construction,Indoor,Indoor: analysis,Particle Size,Particulate Matter,Particulate Matter: analysis,Seasons,Time Factors,Ventilation,transport},
mendeley-tags = {transport},
number = {6},
pages = {1140--6},
pmid = {19513444},
title = {{Particulate air pollution in transport micro-environments.}},
volume = {11},
year = {2009}
}
@article{Vilcassim2014,
author = {Vilcassim, M J Ruzmyn and Thurston, George D and Peltier, Richard E and Gordon, Terry},
keywords = {underground exposure},
mendeley-tags = {underground exposure},
title = {{Black Carbon and Particulate Matter (PM 2.5) Concentrations in New York City’s Subway Stations}},
year = {2014}
}
@article{Baxter2013,
author = {Baxter, Lisa K and Dionisio, Kathie L and Burke, Janet and {Ebelt Sarnat}, Stefanie and Sarnat, Jeremy a and Hodas, Natasha and Rich, David Q and Turpin, Barbara J and Jones, Rena R and Mannshardt, Elizabeth and Kumar, Naresh and Beevers, Sean D and \"{O}zkaynak, Hal\^{u}k},
journal = {Journal of exposure science \& environmental epidemiology},
keywords = {Air Pollution,Environmental Exposure,Environmental Monitoring,Epidemiologic Studies,Humans,Particulate Matter,dynamic exposure},
mendeley-tags = {dynamic exposure},
number = {6},
pages = {654--9},
pmid = {24084756},
title = {{Exposure prediction approaches used in air pollution epidemiology studies: key findings and future recommendations.}},
volume = {23},
year = {2013}
}
@article{Jacobs2012,
author = {Jacobs, Lotte and Buczynska, Anna and Walgraeve, Christophe and Delcloo, Andy and Potgieter-Vermaak, Sanja and {Van Grieken}, Ren\'{e} and Demeestere, Kristof and Dewulf, Jo and {Van Langenhove}, Herman and {De Backer}, Hugo and Nemery, Benoit and Nawrot, Tim S},
journal = {Environmental research},
keywords = {80 and over,Aged,Aromatic,Aromatic: analysis,Aromatic: toxicity,Belgium,Blood Cell Count,Blood Pressure,Blood Pressure: drug effects,Endothelin-1,Endothelin-1: blood,Environmental Exposure,Female,Humans,Male,Models,Nitrogen Dioxide,Nitrogen Dioxide: analysis,Nitrogen Dioxide: toxicity,Ozone,Ozone: analysis,Ozone: toxicity,Particulate Matter,Particulate Matter: analysis,Particulate Matter: toxicity,Platelet Function Tests,Polycyclic Hydrocarbons,Statistical,Sulfur Dioxide,Sulfur Dioxide: analysis,Sulfur Dioxide: toxicity,Temperature,Volatile Organic Compounds,Volatile Organic Compounds: analysis,Volatile Organic Compounds: toxicity},
pages = {60--7},
pmid = {22717264},
title = {{Acute changes in pulse pressure in relation to constituents of particulate air pollution in elderly persons.}},
volume = {117},
year = {2012}
}
@article{qgis2014,
author = {{Open Source Geospatial Foundation Project}},
journal = {URL:[http://qgis. osgeo. org]},
keywords = {GIS},
mendeley-tags = {GIS},
title = {{Quantum GIS}},
year = {2014}
}
@article{Chaix2013,
author = {Chaix, Basile and M\'{e}line, Julie and Duncan, Scott and Merrien, Claire and Karusisi, No\"{e}lla and Perchoux, Camille and Lewin, Antoine and Labadi, Karima and Kestens, Yan},
journal = {Health \& place},
keywords = {Bias (Epidemiology),Causality,Environmental Exposure,Environmental Exposure: statistics \& numerical dat,Geographic Information Systems,Humans,Motor Activity,Research Design,Residence Characteristics,Residence Characteristics: statistics \& numerical,Transportation},
pages = {46--51},
pmid = {23425661},
title = {{GPS tracking in neighborhood and health studies: a step forward for environmental exposure assessment, a step backward for causal inference?}},
volume = {21},
year = {2013}
}
@article{Miller2010,
author = {Miller, B},
journal = {Institute of Occupational Medicine (IOM)},
number = {June},
title = {{Report on estimation of mortality impacts of particulate air pollution in London}},
year = {2010}
}
@misc{UnitedNationsEconomicCommissionforEurope1983,
author = {{United Nations Economic Commission for Europe}},
keywords = {air pollution,trans-boundary},
mendeley-tags = {air pollution,trans-boundary},
title = {{1979 Convention on Long-Range Transboundary Air Pollution}},
year = {1983}
}
@techreport{CommitteeontheMedicalEffectsofAirPollution2010,
address = {London},
author = {{Committee on the Medical Effects of Air Pollutants}},
isbn = {9780859516853},
keywords = {comeap,morbidity,mortality,pollution,uk},
mendeley-tags = {comeap,morbidity,mortality,pollution,uk},
title = {{The Mortality Effects of Long-Term Exposure to Particulate Air Pollution in the United Kingdom}},
year = {2010}
}
@article{DEFRA2007,
author = {DEFRA},
keywords = {Environment,air quality,pollution,weather},
title = {{The Air Quality Strategy for England, Scotland, Wales and Northern Ireland}},
volume = {2},
year = {2007}
}
@article{Hertel2008,
author = {Hertel, Ole and Hvidberg, Martin and Ketzel, Matthias and Storm, Lars and Stausgaard, Lizzi},
isbn = {0048-9697},
journal = {The Science of the total environment},
keywords = {Air pollution modeling,Bicycling,Choice of route,Cities,Denmark,Environmental Exposure,Environmental Exposure: analysis,Environmental Pollutants,Environmental Pollutants: analysis,Human exposure,Humans,Internet,Maps as Topic,Mode of transport,Motor Vehicles,Time Factors,Urban environment,Vehicle Emissions,Vehicle Emissions: analysis},
number = {1},
pages = {58--70},
pmid = {17936337},
title = {{A proper choice of route significantly reduces air pollution exposure--a study on bicycle and bus trips in urban streets.}},
volume = {389},
year = {2008}
}
@misc{wiki-maps-2014,
author = {Wikipedia},
title = {{List of online map services --- Wikipedia, The Free Encyclopedia}},
year = {2014}
}
@article{Beverland2012,
author = {Beverland, I.J. and Robertson, C. and Yap, C. and Heal, M.R. and Cohen, G.R. and Henderson, D.E.J. and Hart, C.L. and Agius, R.M.},
journal = {Atmospheric Environment},
pages = {530--539},
publisher = {Elsevier Ltd},
title = {{Comparison of models for estimation of long-term exposure to air pollution in cohort studies}},
volume = {62},
year = {2012}
}
@article{Ozkaynak2013,
author = {\"{O}zkaynak, Hal\^{u}k and Baxter, Lisa K and Dionisio, Kathie L and Burke, Janet},
journal = {Journal of exposure science \& environmental epidemiology},
keywords = {Air Pollution,Emergency Service,Environmental Exposure,Epidemiologic Studies,Female,Hospital,Hospital: utilization,Humans,Myocardial Infarction,Myocardial Infarction: epidemiology,Patient Admission,Pregnancy,Pregnancy Outcome,dynamic exposure},
mendeley-tags = {dynamic exposure},
number = {6},
pages = {566--72},
pmid = {23632992},
title = {{Air pollution exposure prediction approaches used in air pollution epidemiology studies.}},
volume = {23},
year = {2013}
}
@article{GreaterLondonAuthorityGLA2010,
address = {London},
author = {{Greater London Authority (GLA)}},
number = {December},
title = {{Clearing the air: The Mayor's Air Quality Strategy}},
year = {2010}
}
@article{Gerharz2011,
author = {Gerharz, Lydia E. and Gr\"{a}ler, Benedikt and Pebesma, Edzer},
journal = {Procedia Environmental Sciences},
keywords = {air pollution,change of support,gps tracks,health effects,uncertainties,unconditional simulation},
pages = {146--151},
title = {{Disaggregating gridded air quality data for individual exposure modelling}},
volume = {7},
year = {2011}
}
@article{Gulliver2011,
author = {Gulliver, John and Briggs, David},
journal = {The Science of the total environment},
keywords = {Air Movements,Air Pollutants,Air Pollutants: analysis,Air Pollution,Air Pollution: statistics \& numerical data,Chemical,Cities,Environmental Monitoring,Environmental Monitoring: instrumentation,Environmental Monitoring: methods,Geographic Information Systems,Humans,Inhalation Exposure,Inhalation Exposure: statistics \& numerical data,Models},
number = {12},
pages = {2419--29},
pmid = {21458028},
publisher = {Elsevier B.V.},
title = {{STEMS-Air: a simple GIS-based air pollution dispersion model for city-wide exposure assessment.}},
volume = {409},
year = {2011}
}
@article{Allen2012,
author = {Allen, RW and Adar, SD and Avol, Ed},
journal = {Environmental health perspectives},
keywords = {indoor exposure},
mendeley-tags = {indoor exposure},
number = {6},
pages = {824--830},
title = {{Modeling the residential infiltration of outdoor PM2. 5 in the Multi-Ethnic Study of Atherosclerosis and Air Pollution (MESA Air)}},
volume = {824},
year = {2012}
}
@misc{RFoundationforStatisticalComputing2014,
address = {Vienna, Austria},
author = {{R Foundation for Statistical Computing}},
keywords = {r,statistics},
mendeley-tags = {r,statistics},
title = {{R: A Language and Environment for Statistical Computing}},
year = {2014}
}
@article{Sharma2011,
author = {Sharma, Sushant and Mathew, Tom V},
journal = {Environment and Planning B: Planning and Design},
number = {3},
pages = {520--538},
title = {{Multiobjective network design for emission and travel-time trade-off for a sustainable large urban transportation network}},
volume = {38},
year = {2011}
}
@article{Yim2012,
author = {Yim, Steve H L and Barrett, Steven R H},
journal = {Environmental science \& technology},
keywords = {Air Pollutants,Air Pollutants: analysis,Air Pollutants: toxicity,Carbon,Carbon: analysis,Carbon: toxicity,Environmental Monitoring,European Union,Great Britain,Humans,Models,Mortality,Nitrogen Dioxide,Nitrogen Dioxide: analysis,Nitrogen Dioxide: toxicity,Ozone,Ozone: analysis,Ozone: toxicity,Particulate Matter,Particulate Matter: analysis,Particulate Matter: toxicity,Premature,Public Policy,Sulfates,Sulfates: analysis,Sulfates: toxicity,Theoretical,Vehicle Emissions,Vehicle Emissions: analysis,Vehicle Emissions: toxicity},
number = {8},
pages = {4291--6},
pmid = {22435408},
title = {{Public health impacts of combustion emissions in the United Kingdom.}},
volume = {46},
year = {2012}
}
@article{Crouse2009,
author = {Crouse, Dan L and Ross, Nancy a and Goldberg, Mark S},
journal = {Social science \& medicine (1982)},
keywords = {Air Pollutants,Air Pollutants: analysis,Air Pollution,Air Pollution: analysis,Confidence Intervals,Environmental Exposure,Environmental Monitoring,Geographic Information Systems,Health Status Disparities,Humans,Multivariate Analysis,Nitrogen Dioxide,Nitrogen Dioxide: analysis,Quebec,Regression Analysis,Residence Characteristics,Socioeconomic Factors,Urban Health,Urban Population,Urban Population: statistics \& numerical data},
number = {6},
pages = {971--81},
pmid = {19656603},
publisher = {Elsevier Ltd},
title = {{Double burden of deprivation and high concentrations of ambient air pollution at the neighbourhood scale in Montreal, Canada.}},
volume = {69},
year = {2009}
}
@article{Carslaw2011,
author = {Carslaw, David C. and Beevers, Sean D. and Tate, James E. and Westmoreland, Emily J. and Williams, Martin L.},
journal = {Atmospheric Environment},
keywords = {diesel,nox,petrol,vehicles},
mendeley-tags = {diesel,nox,petrol,vehicles},
number = {39},
pages = {7053--7063},
title = {{Recent evidence concerning higher NOx emissions from passenger cars and light duty vehicles}},
volume = {45},
year = {2011}
}
@article{Broich2011,
author = {Broich, Anna V and Gerharz, Lydia E and Klemm, Otto},
isbn = {1135601208063},
journal = {Environmental science and pollution research international},
keywords = {Air Pollutants,Air Pollutants: chemistry,Air Pollutants: toxicity,Air Pollution,Air Pollution: analysis,Cooking,Environmental Exposure,Environmental Exposure: analysis,Environmental Monitoring,Environmental Monitoring: methods,Humans,Particle Size,Particulate Matter,Particulate Matter: chemistry,Particulate Matter: toxicity,Schools,Smoking,Spectrum Analysis,Spectrum Analysis: instrumentation,Spectrum Analysis: methods},
number = {7},
pages = {2959--72},
pmid = {22351355},
title = {{Personal monitoring of exposure to particulate matter with a high temporal resolution.}},
volume = {19},
year = {2011}
}
@article{Bostock:2011:DDD:2068462.2068631,
address = {Piscataway, NJ, USA},
author = {Bostock, Michael and Ogievetsky, Vadim and Heer, Jeffrey},
journal = {IEEE Transactions on Visualization and Computer Graphics},
keywords = {2D graphics.,Information visualization,toolkits,user interfaces},
number = {12},
pages = {2301--2309},
publisher = {IEEE Educational Activities Department},
title = {{D3 Data-Driven Documents}},
volume = {17},
year = {2011}
}
@article{Wang2009,
author = {Wang, Ting and Xie, Shaodong},
journal = {Atmospheric Environment},
number = {35},
pages = {5682--5690},
publisher = {Elsevier Ltd},
title = {{Assessment of traffic-related air pollution in the urban streets before and during the 2008 Beijing Olympic Games traffic control period}},
volume = {43},
year = {2009}
}
@article{Nuvolone2011,
author = {Nuvolone, Daniela and {Della Maggiore}, Roberto and Maio, Sara and Fresco, Roberto and Baldacci, Sandra and Carrozzi, Laura and Pistelli, Francesco and Viegi, Giovanni},
journal = {Environmental health : a global access science source},
keywords = {80 and over,Adolescent,Adult,Aged,Air Pollutants,Air Pollutants: adverse effects,Child,Cross-Sectional Studies,Environmental Health,Female,Geographic Information Systems,Health Status,Health Surveys,Humans,Infant,Italy,Italy: epidemiology,Male,Middle Aged,Motor Vehicles,Motor Vehicles: statistics \& numerical data,Particulate Matter,Particulate Matter: adverse effects,Preschool,Questionnaires,Respiratory Function Tests,Respiratory Tract Diseases,Respiratory Tract Diseases: epidemiology,Risk Assessment,Risk Factors,Young Adult},
number = {1},
pages = {12},
pmid = {21362158},
publisher = {BioMed Central Ltd},
title = {{Geographical information system and environmental epidemiology: a cross-sectional spatial analysis of the effects of traffic-related air pollution on population respiratory health.}},
volume = {10},
year = {2011}
}
@article{Slezak2013,
author = {Slezak, Michael},
journal = {New Scientist},
keywords = {air pollution,rain},
mendeley-tags = {air pollution,rain},
number = {2946},
pages = {7},
title = {{China plans to create artificial rain to combat smog}},
volume = {220},
year = {2013}
}
@article{Adams2001a,
author = {Adams, H S and Nieuwenhuijsen, M J and Colvile, R N},
isbn = {1352-2310},
journal = {Atmospheric Environment},
keywords = {Exposure assessment,PM2.5,Particulate matter,Statistical analysis,Urban transport,underground exposure},
mendeley-tags = {underground exposure},
number = {27},
pages = {4557--4566},
title = {{Determinants of fine particle (PM2.5) personal exposure levels in transport microenvironments, London, UK}},
volume = {35},
year = {2001}
}
@article{Brauer2002,
author = {Brauer, M and Brumm, J and Vedal, S and Petkau, a J},
journal = {Risk analysis : an official publication of the Society for Risk Analysis},
keywords = {Air Pollution,Air Pollution: adverse effects,Biological,Chronic Obstructive,Chronic Obstructive: mortality,Environmental Exposure,Environmental Monitoring,Humans,Linear Models,Middle Aged,Models,Pulmonary Disease,Risk Assessment,Time Factors},
number = {6},
pages = {1183--93},
pmid = {12530788},
title = {{Exposure misclassification and threshold concentrations in time series analyses of air pollution health effects.}},
volume = {22},
year = {2002}
}
@article{Gulliver2004,
author = {Gulliver, J and Briggs, D.J.},
journal = {Atmospheric Environment},
keywords = {air quality,exposure assessment,particle fraction,personal monitoring,transportation mode},
number = {1},
pages = {1--8},
publisher = {Elsevier},
title = {{Personal exposure to particulate air pollution in transport microenvironments}},
volume = {38},
year = {2004}
}
@article{Scoggins2004,
author = {Scoggins, Amanda and Kjellstrom, Tord and Fisher, Gavin and Connor, Jennie and Gimson, Neil},
isbn = {0048-9697},
journal = {The Science of the total environment},
keywords = {Air Pollutants,Air Pollutants: analysis,Air pollution,Cities,Environmental Exposure,Environmental Exposure: statistics \& numerical dat,Geographic Information Systems,Geographic information systems (GIS),Humans,Long-term exposure,Models,Mortality,New Zealand,Nitrogen Dioxide: analysis,Nitrogen dioxide,Risk Assessment,Risk Assessment: statistics \& numerical data,Theoretical,Urban airshed model,long-term exposure},
mendeley-tags = {long-term exposure},
number = {1-3},
pages = {71--85},
pmid = {15050386},
title = {{Spatial analysis of annual air pollution exposure and mortality.}},
volume = {321},
year = {2004}
}
@article{Molnar2014,
author = {Moln\'{a}r, Peter},
journal = {Aerosol and Air Quality Research},
keywords = {indoor,indoor exposure,personal exposure,residential outdoor,urban background},
mendeley-tags = {indoor,indoor exposure},
pages = {725--733},
title = {{Source Apportionment of PM2.5 Using Positive Matrix Factorization (PMF) and PMF with Factor Selection}},
year = {2014}
}
@techreport{OfficeforNationalStatistics2010,
author = {{Office for National Statistics}},
institution = {Office for National Statistics},
keywords = {ons,transport},
mendeley-tags = {ons,transport},
title = {{Social Trends, No. 40, 2010 Edition}},
year = {2010}
}
@article{Woodcock2014,
author = {Woodcock, J. and Tainio, M. and Cheshire, J. and O'Brien, O. and Goodman, A.},
journal = {Bmj},
keywords = {cycling exposure},
mendeley-tags = {cycling exposure},
number = {feb13 1},
pages = {g425--g425},
title = {{Health effects of the London bicycle sharing system: health impact modelling study}},
volume = {348},
year = {2014}
}
@article{Boldo2011a,
author = {Boldo, Elena and Linares, Cristina and Lumbreras, Julio and Borge, Rafael and Narros, Adolfo and Garc\'{\i}a-P\'{e}rez, Javier and Fern\'{a}ndez-Navarro, Pablo and P\'{e}rez-G\'{o}mez, Beatriz and Aragon\'{e}s, Nuria and Ramis, Rebeca and Poll\'{a}n, Marina and Moreno, Teresa and Karanasiou, Angeliki and L\'{o}pez-Abente, Gonzalo},
isbn = {0160-4120},
journal = {Environment international},
keywords = {Adult,Aged,Air Pollutants,Air Pollutants: analysis,Air Pollution,Air Pollution: adverse effects,Air Pollution: prevention \& control,Air Pollution: statistics \& numerical data,Conservation of Natural Resources,Female,Geographic Information Systems,Health Status,Humans,Inhalation Exposure,Inhalation Exposure: analysis,Inhalation Exposure: standards,Inhalation Exposure: statistics \& numerical data,Male,Middle Aged,Mortality,Mortality: trends,Particle Size,Particulate Matter,Particulate Matter: analysis,Respiratory Tract Diseases,Respiratory Tract Diseases: epidemiology,Risk Assessment,Spain},
number = {2},
pages = {342--8},
pmid = {21056471},
publisher = {Elsevier Ltd},
title = {{Health impact assessment of a reduction in ambient PM(2.5) levels in Spain.}},
volume = {37},
year = {2011}
}
@article{Armstrong1990,
author = {Armstrong, B G},
journal = {American journal of epidemiology},
keywords = {Bias (Epidemiology),Confounding Factors (Epidemiology),Humans,Models,Regression Analysis,Risk Factors,Statistical,missclassification},
mendeley-tags = {missclassification},
number = {6},
pages = {1176--84},
pmid = {2260550},
title = {{The effects of measurement errors on relative risk regressions.}},
volume = {132},
year = {1990}
}
@article{Gulliver2005,
author = {Gulliver, John and Briggs, David J},
institution = {Small Area Health Statistics Unit, Department of Epidemiology and Public Health, Imperial College London, London W2 1PG, UK. j.gulliver@imperial.ac.uk},
isbn = {0013-9351},
journal = {Environmental research},
keywords = {Air Pollution,Air Pollution: analysis,Child,England,Environmental Exposure,Geographic Information Systems,Humans,Models,Reproducibility of Results,Sensitivity and Specificity,Software,Theoretical,Time Factors,Transportation},
number = {1},
pages = {10--25},
pmid = {15476729},
title = {{Time-space modeling of journey-time exposure to traffic-related air pollution using GIS.}},
volume = {97},
year = {2005}
}
@article{Mannino2000,
author = {Mannino, DM},
journal = {American Journal of Respiratory and Critical Care \ldots},
title = {{What constitutes an adverse health effect of air pollution?}},
year = {2000}
}
@article{Chang2014,
author = {Chang, Ellen T and Adami, Hans-Olov and Bailey, William H and Boffetta, Paolo and Krieger, Robert I and Moolgavkar, Suresh H and Mandel, Jack S},
journal = {Critical reviews in toxicology},
keywords = {acute leukemia,air pollution,environmental exposure,epidemiology,geographic information,long-term exposure,mortality,systems},
mendeley-tags = {long-term exposure},
number = {5},
pages = {450--66},
pmid = {24766059},
title = {{Validity of geographically modeled environmental exposure estimates.}},
volume = {44},
year = {2014}
}
@misc{EnvironmentalProtectionAgency2012,
author = {{Environmental Protection Agency}},
booktitle = {EPA website},
keywords = {air quality,heat,ozone,sun},
mendeley-tags = {air quality,heat,ozone,sun},
title = {{Ground Level Ozone > Basic Information}},
year = {2012}
}
@article{Hou2010,
author = {Hou, Q and An, X Q and Wang, Y and Guo, J P},
journal = {The Science of the total environment},
keywords = {Adolescent,Adult,Air Pollutants,Air Pollutants: analysis,Child,China,China: epidemiology,Environmental Monitoring,Health Care Costs,Health Care Costs: statistics \& numerical data,Humans,Inhalation Exposure,Inhalation Exposure: analysis,Inhalation Exposure: statistics \& numerical data,Particle Size,Particulate Matter,Particulate Matter: analysis,Respiratory Tract Diseases,Respiratory Tract Diseases: economics,Respiratory Tract Diseases: epidemiology,Young Adult},
number = {19},
pages = {4026--32},
pmid = {20542537},
title = {{An evaluation of resident exposure to respirable particulate matter and health economic loss in Beijing during Beijing 2008 Olympic Games.}},
volume = {408},
year = {2010}
}
@article{Knibbs2010,
author = {Knibbs, Luke D. and de Dear, Richard J.},
isbn = {1352-2310},
journal = {Atmospheric Environment},
keywords = {Commuter,Exposure,PM2.5,Transport,Ultrafine particles,train exposure,transport exposure},
mendeley-tags = {train exposure,transport exposure},
number = {26},
pages = {3224--3227},
publisher = {Elsevier Ltd},
title = {{Exposure to ultrafine particles and PM2.5 in four Sydney transport modes}},
volume = {44},
year = {2010}
}
@article{Britain2009,
author = {Britain, Great},
number = {Page 170},
title = {www.statistics.gov.uk/ socialtrends},
year = {2009}
}
@article{Goldstein197747,
author = {Goldstein, Inge F and Landovitz, Leon},
journal = {Atmospheric Environment (1967)},
number = {1},
pages = {47--52},
title = {{Analysis of air pollution patterns in New York City—I. Can one station represent the large metropolitan area?}},
volume = {11},
year = {1977}
}
@article{Cheshire2012,
author = {Cheshire, James and Batty, Michael},
journal = {Environment and Planning B: Planning and Design},
number = {3},
pages = {413--415},
title = {{Visualisation tools for understanding big data}},
volume = {39},
year = {2012}
}
@misc{InternationalAgencyforResearchonCancer2013,
author = {{International Agency for Research on Cancer}},
keywords = {Outdoor,air pollution,cancer},
number = {October},
pages = {2--5},
title = {{Outdoor air pollution a leading environmental cause of cancer deaths}},
year = {2013}
}
@article{Baxter2008,
author = {Baxter, Lisa K and Barzyk, Timothy M and Vette, Alan F and Croghan, Carry and Williams, Ronald W},
isbn = {1352-2310},
journal = {Atmospheric Environment},
keywords = {Diesel exhaust particles,Elemental carbon,Indoor air,Meteorology},
number = {40},
pages = {9080--9086},
title = {{Contributions of diesel truck emissions to indoor elemental carbon concentrations in homes in proximity to Ambassador Bridge}},
volume = {42},
year = {2008}
}
@article{Gens2014,
author = {Gens, Alexandra and Hurley, J. Fintan and Tuomisto, Jouni T. and Friedrich, Rainer},
journal = {Atmospheric Environment},
keywords = {CRF,DALY,ERF,ETS,Europe,Exposure modelling,Fine particles,Health effects,Insulating residential buildings,concentration response function,disability adjusted life year,environmental tobacco smoke,exposure response function,indoor,indoor exposure,indoor health},
mendeley-tags = {indoor,indoor exposure,indoor health},
pages = {213--221},
title = {{Health impacts due to personal exposure to fine particles caused by insulation of residential buildings in Europe}},
volume = {84},
year = {2014}
}
@article{Armstrong1998,
author = {Armstrong, B G},
journal = {Occupational and environmental medicine},
keywords = {Bias (Epidemiology),Environmental Exposure,Humans,Occupational Exposure,Random Allocation,Risk,missclassification},
mendeley-tags = {missclassification},
number = {10},
pages = {651--6},
pmid = {9930084},
title = {{Effect of measurement error on epidemiological studies of environmental and occupational exposures.}},
volume = {55},
year = {1998}
}
@article{Gulliver2011,
author = {Gulliver, John and de Hoogh, Kees and Fecht, Daniela and Vienneau, Danielle and Briggs, David},
journal = {Atmospheric Environment},
number = {39},
pages = {7072--7080},
publisher = {Elsevier Ltd},
title = {{Comparative assessment of GIS-based methods and metrics for estimating long-term exposures to air pollution}},
volume = {45},
year = {2011}
}
@article{Loxham2013,
author = {Loxham, Matthew and Cooper, Matthew J and Gerlofs-Nijland, Miriam E and Cassee, Flemming R and Davies, Donna E and Palmer, Martin R and Teagle, Damon a H},
journal = {Environmental science \& technology},
keywords = {underground exposure},
mendeley-tags = {underground exposure},
number = {8},
pages = {3614--22},
pmid = {23477491},
title = {{Physicochemical characterization of airborne particulate matter at a mainline underground railway station.}},
volume = {47},
year = {2013}
}
@techreport{EnvironmentalProtectionAgency2012a,
address = {Washington},
author = {{Environmental Protection Agency}},
institution = {Environmental Protection Agency},
number = {December},
pages = {74},
title = {{Provisional Assessment of Recent Studies on Health Effects of Particulate Matter Exposure}},
year = {2012}
}
@article{WorldHealthOrganization2013,
author = {{World Health Organization}},
pages = {309},
title = {{Review of evidence on health aspects of air pollution – REVIHAAP Project}},
year = {2013}
}
@article{Munshi1982,
author = {Munshi, U and Patil, R S},
journal = {Atmospheric Environment (1967)},
number = {8},
pages = {1915--1918},
title = {{A method for selection of air quality monitoring sites for multiple sources}},
volume = {16},
year = {1982}
}
@article{Johnson2012,
author = {M\"{o}lter, Anna and Lindley, Sarah and de Vocht, Frank and Agius, Raymond and Kerry, Gina and Johnson, Katy and Ashmore, Mike and Terry, Andrew and Dimitroulopoulou, Sani and Simpson, Angela},
isbn = {1352-2310},
journal = {Atmospheric Environment},
number = {2},
pages = {225--233},
publisher = {Elsevier Ltd},
title = {{Performance of a microenviromental model for estimating personal NO2 exposure in children}},
volume = {51},
year = {2012}
}
@article{Rose2009,
author = {Rose, Nectarios and Cowie, Christine and Gillett, Robert and Marks, Guy B.},
journal = {Atmospheric Environment},
number = {32},
pages = {5009--5014},
publisher = {Elsevier Ltd},
title = {{Weighted road density: A simple way of assigning traffic-related air pollution exposure}},
volume = {43},
year = {2009}
}
@article{Brook2010,
author = {Brook, Robert D and Rajagopalan, Sanjay and Pope, C Arden and Brook, Jeffrey R and Bhatnagar, Aruni and Diez-Roux, Ana V and Holguin, Fernando and Hong, Yuling and Luepker, Russell V and Mittleman, Murray a and Peters, Annette and Siscovick, David and Smith, Sidney C and Whitsel, Laurie and Kaufman, Joel D},
journal = {Circulation},
keywords = {American Heart Association,Cardiovascular Diseases,Cardiovascular Diseases: epidemiology,Cardiovascular Diseases: etiology,Cardiovascular Diseases: mortality,Humans,Longevity,Particulate Matter,Particulate Matter: adverse effects,Risk Factors,Time Factors,United States,long-term exposure,short-term exposure},
mendeley-tags = {long-term exposure,short-term exposure},
number = {21},
pages = {2331--78},
pmid = {20458016},
title = {{Particulate matter air pollution and cardiovascular disease: An update to the scientific statement from the American Heart Association.}},
volume = {121},
year = {2010}
}
@article{Bond2013,
author = {Bond, T C and Doherty, S J and Fahey, D W and Forster, P M and Berntsen, T and Deangelo, B. J. and Flanner, M G and Ghan, S and Koch, D and Kinne, S and Kondo, Y and Quinn, P K and Sarofim, M C and Schultz, M G and Schulz, M and Venkataraman, C and Zhang, H. and Zhang, S and Bellouin, N and Guttikunda, S K and Hopke, P K and Jacobson, M Z and Kaiser, J W and Klimont, Z and Lohmann, U and Schwarz, J P and Shindell, D and Warren, S G and Zender, C S and K\"{a}rcher, B. and Storelvmo, T.},
journal = {Journal of Geophysical Research: Atmospheres},
keywords = {aerosol,black carbon,climate forcing},
number = {11},
pages = {n/a----n/a},
title = {{Bounding the role of black carbon in the climate system: A scientific assessment}},
volume = {118},
year = {2013}
}
@article{Beevers2013,
author = {Beevers, Sean D and Kitwiroon, Nutthida and Williams, Martin L and Kelly, Frank J and {Ross Anderson}, H and Carslaw, David C},
journal = {Journal of exposure science \& environmental epidemiology},
keywords = {Air Pollution,Environmental Exposure,Humans,London,London: epidemiology,Models, Theoretical,Particulate Matter},
number = {6},
pages = {647--53},
pmid = {23443237},
publisher = {Nature Publishing Group},
title = {{Air pollution dispersion models for human exposure predictions in London.}},
volume = {23},
year = {2013}
}
@article{Lai2004a,
author = {Lai, H.K. K and Kendall, M. and Ferrier, H. and Lindup, I. and Alm, S. and H\"{a}nninen, O. and Jantunen, M. and Mathys, P. and Colvile, R. and Ashmore, M.R. R and Cullinan, P. and Nieuwenhuijsen, M.J. J},
isbn = {1352-2310},
journal = {Atmospheric Environment},
keywords = {Carbon monoxide,Elemental composition,Indoor concentration,Nitrogen dioxide,Particulate matters,Personal exposure,Volatile organic compound,carbon monoxide,elemental composition,indoor,indoor concentration,indoor exposure,nitrogen dioxide,particulate matters,personal exposure,transport,volatile organic compound},
mendeley-tags = {indoor,indoor exposure,transport},
number = {37},
pages = {6399--6410},
title = {{Personal exposures and microenvironment concentrations of PM2.5, VOC, NO2 and CO in Oxford, UK}},
volume = {38},
year = {2004}
}
@misc{EnvironmentalProtectionAgency2008,
author = {{Environmental Protection Agency}},
booktitle = {EPA website},
keywords = {air quality,dispersion modeling,epa,pollution},
mendeley-tags = {air quality,dispersion modeling,epa,pollution},
title = {{Dispersion Modeling}},
year = {2008}
}
@techreport{EnvironmentalProtectionAgency2009,
address = {Washington},
author = {{Environmental Protection Agency}},
institution = {Environmental Protection Agency},
title = {{Integrated Science Assessment for Particulate Matter}},
year = {2009}
}
@article{Mazzi2007,
author = {Mazzi, Eric a and Dowlatabadi, Hadi},
journal = {Environmental science \& technology},
keywords = {Air Pollution,Air Pollution: analysis,Air Pollution: legislation \& jurisprudence,Air Pollution: prevention \& control,Automobiles,Automobiles: legislation \& jurisprudence,Automobiles: statistics \& numerical data,Carbon Dioxide,Carbon Dioxide: analysis,Conservation of Natural Resources,Conservation of Natural Resources: legislation \& j,Conservation of Natural Resources: methods,Gasoline,Gasoline: statistics \& numerical data,Great Britain,Greenhouse Effect,Particulate Matter,Particulate Matter: analysis,Vehicle Emissions,Vehicle Emissions: analysis,Vehicle Emissions: legislation \& jurisprudence},
number = {2},
pages = {387--92},
pmid = {17310696},
title = {{Air quality impacts of climate mitigation: UK policy and passenger vehicle choice.}},
volume = {41},
year = {2007}
}
@article{Moreira2009,
author = {Moreira, D M and Vilhena, M T and Buske, D and Tirabassi, T},
journal = {Atmospheric Research},
keywords = {Advection-diffusion equation,Air pollution modeling,Atmosphere,Counter-gradient turbulence closure,Dispersion,GILTT,Laplace Transform,Low wind conditions,Planetary Boundary Layer,Pollutant dispersion},
number = {1},
pages = {1--17},
title = {{The state-of-art of the GILTT method to simulate pollutant dispersion in the atmosphere}},
volume = {92},
year = {2009}
}
@article{Faustini2014,
author = {Faustini, Annunziata and Rapp, Regula and Forastiere, Francesco},
journal = {The European respiratory journal},
pages = {1--10},
pmid = {24558178},
title = {{Nitrogen dioxide and mortality: review and meta-analysis of long-term studies.}},
year = {2014}
}
@article{Beevers2012,
author = {Beevers, Sean D and Kitwiroon, Nutthida and Williams, Martin L and Carslaw, David C},
journal = {Atmospheric environment (Oxford, England : 1994)},
keywords = {road source modelling},
number = {C},
pages = {47--58},
pmid = {23471172},
publisher = {Elsevier Ltd},
title = {{One way coupling of CMAQ and a road source dispersion model for fine scale air pollution predictions.}},
volume = {59},
year = {2012}
}
@article{McCreanor2007,
author = {McCreanor, James and Cullinan, Paul and Nieuwenhuijsen, Mark J and Stewart-Evans, James and Malliarou, Eleni and Jarup, Lars and Harrington, Robert and Svartengren, Magnus and Han, In-Kyu and Ohman-Strickland, Pamela and Chung, Kian Fan and Zhang, Junfeng},
journal = {The New England journal of medicine},
keywords = {Adult,Air Pollutants,Air Pollutants: adverse effects,Air Pollution,Air Pollution: adverse effects,Air Pollution: analysis,Asthma,Asthma: etiology,Asthma: physiopathology,Cross-Over Studies,Environmental Exposure,Environmental Exposure: adverse effects,Environmental Exposure: analysis,Environmental Monitoring,Female,Forced Expiratory Volume,Gasoline,Gasoline: adverse effects,Humans,Male,Maximal Midexpiratory Flow Rate,Middle Aged,Nitrogen Dioxide,Nitrogen Dioxide: adverse effects,Nitrogen Dioxide: analysis,Particulate Matter,Particulate Matter: adverse effects,Vehicle Emissions,Vehicle Emissions: analysis,Vital Capacity,short-term exposure},
mendeley-tags = {short-term exposure},
number = {23},
pages = {2348--58},
pmid = {18057337},
title = {{Respiratory effects of exposure to diesel traffic in persons with asthma.}},
volume = {357},
year = {2007}
}
@article{WorldHealthOrganization2005,
author = {{World Health Organization}},
number = {3},
title = {{Principles of Characterizing and Applying Human Exposure Models}},
year = {2005}
}
@article{Tonne2008,
author = {Tonne, C and Beevers, S and Armstrong, B and Kelly, F and Wilkinson, P},
institution = {Environmental Research Group, King's College London, 150 Stamford Street, London SE1 9NH, UK. cathryn.tonne@erg.kcl.ac.uk},
isbn = {1351-0711},
journal = {Occupational and environmental medicine},
keywords = {Air Pollutants,Air Pollutants: analysis,Air Pollution,Air Pollution: analysis,Automobiles,Automobiles: economics,Environmental Exposure,Environmental Exposure: statistics \& numerical dat,Environmental Health,Environmental Health: statistics \& numerical data,Humans,Life Expectancy,London,Nitrogen Dioxide,Nitrogen Dioxide: analysis,Particulate Matter,Particulate Matter: analysis,Socioeconomic Factors,Urban Health,Vehicle Emissions,Vehicle Emissions: analysis},
number = {9},
pages = {620--7},
pmid = {18308748},
title = {{Air pollution and mortality benefits of the London Congestion Charge: spatial and socioeconomic inequalities.}},
volume = {65},
year = {2008}
}
@article{Villasenor2000,
author = {Villasenor, R and Ortiz, E and Watson, John and Chow, Judith},
journal = {Journal of aerosol science},
keywords = {field campaigns,mexico city,pm2y,pmio,urban aerosols},
pages = {901--902},
title = {{Spatial and temporal variations in ambient PM 2.5 and PM 10 in Mexico City}},
volume = {31},
year = {2000}
}
@techreport{AirQualityExpertGroup2007,
author = {{Air Quality Expert Group}},
isbn = {9780855211790},
keywords = {primary nitrogen dioxide},
mendeley-tags = {primary nitrogen dioxide},
pages = {140},
title = {{Trends in Primary Nitrogen Dioxide in the United Kingdom}},
year = {2007}
}
@article{Cattaneo2009,
author = {Cattaneo, a and Garramone, G and Taronna, M and Peruzzo, C and Cavallo, D M},
journal = {Journal of Physics: Conference Series},
keywords = {bus,microenvironments,pollution,transport},
mendeley-tags = {bus,microenvironments,pollution,transport},
pages = {012039},
title = {{Personal exposure to airborne ultrafine particles in the urban area of Milan}},
volume = {151},
year = {2009}
}
@article{Hoek2008,
author = {Hoek, Gerard and Beelen, Rob and de Hoogh, Kees and Vienneau, Danielle and Gulliver, John and Fischer, Paul and Briggs, David},
isbn = {1352-2310},
journal = {Atmospheric Environment},
keywords = {Air pollution,LUR,Land use regression,NO2,Particulate matter,Spatial variation},
mendeley-tags = {LUR},
number = {33},
pages = {7561--7578},
title = {{A review of land-use regression models to assess spatial variation of outdoor air pollution}},
volume = {42},
year = {2008}
}
@article{Atkinson2014,
author = {Atkinson, R W and Kang, S and Anderson, H R and Mills, I C and Walton, H a},
journal = {Thorax},
pages = {1--6},
pmid = {24706041},
title = {{Epidemiological time series studies of PM2.5 and daily mortality and hospital admissions: a systematic review and meta-analysis.}},
year = {2014}
}
@techreport{Audit2011,
address = {London},
author = {Audit, Environmental and {Environmental Audit Committee}},
institution = {House of Commons},
keywords = {air quality,government,house of commons,policy},
mendeley-tags = {air quality,government,house of commons,policy},
number = {November},
title = {{Air quality : A follow up report - Volume I}},
volume = {II},
year = {2011}
}
@article{Dons2013,
author = {Dons, Evi and Temmerman, Philip and {Van Poppel}, Martine and Bellemans, Tom and Wets, Geert and {Int Panis}, Luc},
journal = {The Science of the total environment},
keywords = {Aethalometer,Air Pollutants,Air Pollutants: analysis,Automobile Driving,Belgium,Bicycling,Black carbon,Environmental Exposure,Environmental Exposure: analysis,GPS,Geographic Information Systems,Humans,Mobile monitoring,Personal exposure,Soot,Soot: analysis,Traffic,Urbanization},
pages = {72--79},
pmid = {23376518},
publisher = {Elsevier B.V.},
title = {{Street characteristics and traffic factors determining road users' exposure to black carbon.}},
volume = {447C},
year = {2013}
}
@misc{UnitedStatesEnvironmentalProtectionAgency2014,
author = {{United States Environmental Protection Agency}},
booktitle = {EPA website},
keywords = {CMAQ},
mendeley-tags = {CMAQ},
title = {{Community Multi-scale Air Quality Model}},
year = {2014}
}
@article{Zhou2008,
author = {Zhou, Ying and Levy, Jonathan I},
isbn = {1352-2310},
journal = {Atmospheric Environment},
keywords = {Air pollution,Exposure assessment,Intake fraction,Particulate matter,Street canyon,Traffic,air pollution,exposure assessment,intake fraction,particulate matter,street canyon,traffic},
number = {13},
pages = {3087--3098},
title = {{The impact of urban street canyons on population exposure to traffic-related primary pollutants}},
volume = {42},
year = {2008}
}
@article{Steinle2013,
author = {Steinle, Susanne and Reis, Stefan and Sabel, Clive Eric},
journal = {The Science of the total environment},
keywords = {Air pollution,Conceptual model,Environment,Integrated assessment,Personal exposure},
pages = {184--93},
pmid = {23183229},
publisher = {Elsevier B.V.},
title = {{Quantifying human exposure to air pollution-Moving from static monitoring to spatio-temporally resolved personal exposure assessment.}},
volume = {443},
year = {2013}
}
@book{Bonita2006,
author = {Bonita, R and Beaglehole, R and Kjellstr\"{o}m, T},
title = {{Basic epidemiology}},
year = {2006}
}
@article{Bernstein2008,
author = {Bernstein, Jonathan A and Alexis, Neil and Bacchus, Hyacinth and Bernstein, I Leonard and Fritz, Pat and Horner, Elliot and Li, Ning and Mason, Stephany and Nel, Andre and Oullette, John and Reijula, Kari and Reponen, Tina and Seltzer, James and Smith, Alisa and Tarlo, Susan M},
journal = {The Journal of allergy and clinical immunology},
keywords = {Air Pollutants,Air Pollutants: adverse effects,Air Pollutants: analysis,Air Pollution, Indoor,Air Pollution, Indoor: adverse effects,Environmental Exposure,Environmental Exposure: adverse effects,Environmental Monitoring,Environmental Monitoring: methods,Humans,Tobacco Smoke Pollution,Tobacco Smoke Pollution: adverse effects,Tobacco Smoke Pollution: analysis,indoor,indoor exposure},
mendeley-tags = {indoor,indoor exposure},
number = {3},
pages = {585--91},
pmid = {18155285},
title = {{The health effects of non-industrial indoor air pollution.}},
volume = {121},
year = {2008}
}
@misc{CMASCentre,
author = {{CMAS Centre}},
booktitle = {CMAS Centre website},
keywords = {CMAQ},
mendeley-tags = {CMAQ},
title = {{CMAQ}},
year = {2014}
}
@article{Corcoran2007,
author = {Corcoran, Jonathan and Higgs, Gary and Brunsdon, Chris and Ware, Andrew and Norman, Paul},
journal = {Computers, Environment and Urban Systems},
number = {6},
pages = {623--647},
title = {{The use of spatial analytical techniques to explore patterns of fire incidence: A South Wales case study}},
volume = {31},
year = {2007}
}
@article{Hoek2013,
author = {Hoek, Gerard and Krishnan, Ranjini M and Beelen, Rob and Peters, Annette and Ostro, Bart and Brunekreef, Bert and Kaufman, Joel D},
journal = {Environmental health : a global access science source},
keywords = {air pollution,cardiovascular,mortality,motorized traffic,particles,respiratory},
number = {1},
pages = {43},
pmid = {23714370},
publisher = {Environmental Health},
title = {{Long-term air pollution exposure and cardio- respiratory mortality: a review.}},
volume = {12},
year = {2013}
}
@article{Beelen2013,
author = {Beelen, Rob and Raaschou-Nielsen, Ole and Stafoggia, Massimo and Andersen, Zorana Jovanovic and Weinmayr, Gudrun and Hoffmann, Barbara and Wolf, Kathrin and Samoli, Evangelia and Fischer, Paul and Nieuwenhuijsen, Mark and Vineis, Paolo and Xun, Wei W and Katsouyanni, Klea and Dimakopoulou, Konstantina and Oudin, Anna and Forsberg, Bertil and Modig, Lars and Havulinna, Aki S and Lanki, Timo and Turunen, Anu and Oftedal, Bente and Nystad, Wenche and Nafstad, Per and {De Faire}, Ulf and Pedersen, Nancy L and Ostenson, Claes-G\"{o}ran and Fratiglioni, Laura and Penell, Johanna and Korek, Michal and Pershagen, G\"{o}ran and Eriksen, Kirsten Thorup and Overvad, Kim and Ellermann, Thomas and Eeftens, Marloes and Peeters, Petra H and Meliefste, Kees and Wang, Meng and Bueno-de-Mesquita, Bas and Sugiri, Dorothea and Kr\"{a}mer, Ursula and Heinrich, Joachim and de Hoogh, Kees and Key, Timothy and Peters, Annette and Hampel, Regina and Concin, Hans and Nagel, Gabriele and Ineichen, Alex and Schaffner, Emmanuel and Probst-Hensch, Nicole and K\"{u}nzli, Nino and Schindler, Christian and Schikowski, Tamara and Adam, Martin and Phuleria, Harish and Vilier, Alice and Clavel-Chapelon, Fran\c{c}oise and Declercq, Christophe and Grioni, Sara and Krogh, Vittorio and Tsai, Ming-Yi and Ricceri, Fulvio and Sacerdote, Carlotta and Galassi, Claudia and Migliore, Enrica and Ranzi, Andrea and Cesaroni, Giulia and Badaloni, Chiara and Forastiere, Francesco and Tamayo, Ibon and Amiano, Pilar and Dorronsoro, Miren and Katsoulis, Michail and Trichopoulou, Antonia and Brunekreef, Bert and Hoek, Gerard},
journal = {Lancet},
number = {13},
pages = {1--11},
pmid = {24332274},
title = {{Effects of long-term exposure to air pollution on natural-cause mortality: an analysis of 22 European cohorts within the multicentre ESCAPE project.}},
volume = {6736},
year = {2013}
}
@article{Szpiro2011,
author = {Szpiro, Adam a and Paciorek, Christopher J and Sheppard, Lianne},
journal = {Epidemiology (Cambridge, Mass.)},
keywords = {Air Pollution,Air Pollution: adverse effects,Air Pollution: analysis,Air Pollution: statistics \& numerical data,Cohort Studies,Environmental Exposure,Environmental Exposure: adverse effects,Environmental Exposure: analysis,Environmental Exposure: statistics \& numerical dat,Humans,Linear Models,Models, Biological},
number = {5},
pages = {680--5},
pmid = {21716114},
title = {{Does more accurate exposure prediction necessarily improve health effect estimates?}},
volume = {22},
year = {2011}
}
@misc{U.S.DepartmentofHealth&HumanServices2014,
author = {{U.S. Department of Health \& Human Services}},
booktitle = {U.S. Department of Health \& Human Services website},
title = {{What is Epidemiology?}},
year = {2014}
}
@article{Isakov2014,
author = {Isakov, Vlad and Arunachalam, Saravanan and Batterman, Stuart and Bereznicki, Sarah and Burke, Janet and Dionisio, Kathie and Garcia, Val and Heist, David and Perry, Steve and Snyder, Michelle and Vette, Alan},
journal = {International journal of environmental research and public health},
keywords = {dynamic exposure},
mendeley-tags = {dynamic exposure},
number = {9},
pages = {8777--93},
pmid = {25166917},
title = {{Air quality modeling in support of the Near-Road Exposures and Effects of Urban Air Pollutants Study (NEXUS).}},
volume = {11},
year = {2014}
}
@misc{CambridgeEnvironmentalResearchCounsultantsCERC2014,
author = {{Cambridge Environmental Research Counsultants (CERC)}},
booktitle = {CERC Website},
keywords = {ADMS,CMAQ},
mendeley-tags = {ADMS,CMAQ},
title = {{ADMS Roads}},
year = {2014}
}
@article{Minelli2011,
author = {Minelli, Cosetta and Wei, Igor and Sagoo, Gurdeep and Jarvis, Debbie and Shaheen, Seif and Burney, Peter},
journal = {American journal of epidemiology},
keywords = {Adult,Aged,Air Pollution,Air Pollution: adverse effects,Antioxidants,Antioxidants: metabolism,Child,Female,Genetic Predisposition to Disease,Genetic Predisposition to Disease: etiology,Genetic Predisposition to Disease: genetics,Genotype,Glutathione S-Transferase pi,Glutathione S-Transferase pi: genetics,Glutathione Transferase,Glutathione Transferase: genetics,Heme Oxygenase-1,Heme Oxygenase-1: genetics,Humans,Infant,Male,NAD(P)H Dehydrogenase (Quinone),NAD(P)H Dehydrogenase (Quinone): genetics,Oxidative Stress,Oxidative Stress: drug effects,Oxidative Stress: genetics,Respiratory System,Respiratory System: drug effects,Respiratory System: physiopathology,Respiratory Tract Diseases,Respiratory Tract Diseases: etiology,Respiratory Tract Diseases: genetics,Respiratory Tract Diseases: physiopathology},
number = {6},
pages = {603--20},
pmid = {21343247},
title = {{Interactive effects of antioxidant genes and air pollution on respiratory function and airway disease: a HuGE review.}},
volume = {173},
year = {2011}
}
@article{Batty2011,
author = {Batty, Michael and Cheshire, James},
journal = {Environment and Planning B: Planning and Design},
number = {2},
pages = {195--196},
title = {{Cities as flows, cities of flows}},
volume = {38},
year = {2011}
}
@article{Iii2012,
author = {{Pope III}, C A and Iii, C Arden Pope and Burnett, Richard T and Thun, Michael J and Calle, Eugenia E and Krewski, Daniel and Thurston, George D},
institution = {Department of Economics, Brigham Young University, 142 FOB, Provo, UT 84602, USA. cap3@email.byu.edu},
journal = {Jama The Journal Of The American Medical Association},
keywords = {long-term exposure,nitrogen dioxide,nitrogen monoxide,primary nitrogen dioxide},
mendeley-tags = {long-term exposure,nitrogen dioxide,nitrogen monoxide,primary nitrogen dioxide},
number = {9},
pages = {1132--1141},
pmid = {11879110},
publisher = {Am Med Assoc},
title = {{Lung Cancer, Cardiopulmonary Mortality, and Long-term Exposure to Fine Particulate Air Pollution}},
volume = {287},
year = {2012}
}
@misc{LondonAir,
author = {{King's College London}},
booktitle = {London Air Website},
keywords = {LondonAir,erg,kcl},
mendeley-tags = {LondonAir,erg,kcl},
title = {{London Air Quality Network}},
year = {2013}
}
@article{Joodatnia2013,
author = {Joodatnia, Pouyan and Kumar, Prashant and Robins, Alan},
journal = {Atmospheric Environment},
pages = {40--51},
title = {{The behaviour of traffic produced nanoparticles in a car cabin and resulting exposure rates}},
volume = {65},
year = {2013}
}
@article{Dhondt2012,
author = {Dhondt, Stijn and Beckx, Carolien and Degraeuwe, Bart and Lefebvre, Wouter and Kochan, Bruno and Bellemans, Tom and {Int Panis}, Luc and Macharis, Cathy and Putman, Koen},
journal = {Environmental Impact Assessment Review},
keywords = {Air pollution,Exposure,Mobility,Travel pattern,health impact assessment},
pages = {42--51},
publisher = {Elsevier Inc.},
title = {{Health impact assessment of air pollution using a dynamic exposure profile: Implications for exposure and health impact estimates}},
volume = {36},
year = {2012}
}
@article{Samoli2005,
author = {Samoli, Evangelia and Analitis, Antonis and Touloumi, Giota and Schwartz, Joel and Anderson, Hugh R. and Sunyer, Jordi and Bisanti, Luigi and Zmirou, Denis and Vonk, Judith M. and Pekkanen, Juha and Goodman, Pat and Paldy, Anna and Schindler, Christian and Katsouyanni, Klea},
institution = {Department of Hygiene and Epidemiology, University of Athens, Athens, Greece. esamoli@med.uoa.gr},
journal = {Environmental Health Perspectives},
keywords = {air pollution,exposure–response,heterogeneity,hierarchical modeling,large-area exposure,mortality,splines},
mendeley-tags = {large-area exposure},
number = {1},
pages = {88--95},
publisher = {National Institue of Environmental Health Sciences},
title = {{Estimating the Exposure–Response Relationships between Particulate Matter and Mortality within the APHEA Multicity Project}},
volume = {113},
year = {2004}
}
@article{Houston2013,
author = {Houston, Douglas and Wu, Jun and Yang, Dongwoo and Jaimes, Guillermo},
journal = {Atmospheric Environment},
keywords = {polycyclic aromatic hydrocarbon,transport},
mendeley-tags = {transport},
pages = {148--157},
publisher = {Elsevier Ltd},
title = {{Particle-bound polycyclic aromatic hydrocarbon concentrations in transportation microenvironments}},
volume = {71},
year = {2013}
}
@article{Monkkonen2005,
author = {M\"{o}nkk\"{o}nen, P and Pai, P and Maynard, A and Lehtinen, K E J and H\"{a}meri, K and Rechkemmer, P and Ramachandran, G and Prasad, B and Kulmala, M},
isbn = {0048-9697},
journal = {Science of The Total Environment},
keywords = {India,Indoor aerosols,Mass concentration,Number concentration,Urban aerosols},
number = {1-3},
pages = {131--147},
title = {{Fine particle number and mass concentration measurements in urban Indian households}},
volume = {347},
year = {2005}
}
@techreport{GobiernodelEstadodeMexico2011,
address = {Mexico City},
author = {{Gobierno del Estado de Mexico}},
keywords = {air pollution,air quality,mexico city,proaire},
mendeley-tags = {air pollution,air quality,mexico city,proaire},
title = {{Programa para mejorar la calidad del aire de la Zona Metropolitana del Valle de M\'{e}xico}},
year = {2011}
}
@misc{Dalen2008,
author = {Dalen, James E},
booktitle = {Archives of Internal Medicine},
number = {22},
pages = {2497},
pmid = {19064836},
title = {{Particulate air pollution exposure and risk of venous thromboembolism.}},
volume = {168},
year = {2008}
}
@article{Brauer2012,
author = {Brauer, Michael and Amann, Markus and Burnett, Rick T and Cohen, Aaron and Dentener, Frank and Ezzati, Majid and Henderson, Sarah B and Krzyzanowski, Michal and Martin, Randall V and {Van Dingenen}, Rita and van Donkelaar, Aaron and Thurston, George D},
journal = {Environmental science \& technology},
keywords = {Air Pollution,Air Pollution: adverse effects,Environmental Exposure,Environmental Exposure: statistics \& numerical dat,Environmental Health,Environmental Health: statistics \& numerical data,Environmental Monitoring,Environmental Monitoring: methods,Models,Particulate Matter,Risk Factors,Theoretical,Time Factors,World Health,World Health: statistics \& numerical data,large-area exposure,long-term exposure},
mendeley-tags = {large-area exposure,long-term exposure},
number = {2},
pages = {652--60},
pmid = {22148428},
title = {{Exposure assessment for estimation of the global burden of disease attributable to outdoor air pollution.}},
volume = {46},
year = {2012}
}
@article{Adams2001,
author = {Adams, H.S and Nieuwenhuijsen, M.J and Colvile, R.N and McMullen, M.A.S and Khandelwal, P},
isbn = {0048-9697},
journal = {Science of The Total Environment},
keywords = {Exposure assessment,PM2.5,Particles,Personal sampling,Transport microenvironment,underground exposure},
mendeley-tags = {underground exposure},
number = {1-3},
pages = {29--44},
title = {{Fine particle (PM2.5) personal exposure levels in transport microenvironments, London, UK}},
volume = {279},
year = {2001}
}
@article{Song2009,
author = {Song, W W and Ashmore, M R and Terry, A C},
isbn = {1352-2310},
journal = {Atmospheric Environment},
keywords = {Box model,Bus,Modeling,Particulate matter,Personal exposure,Transport},
number = {39},
pages = {6271--6278},
title = {{The influence of passenger activities on exposure to particles inside buses}},
volume = {43},
year = {2009}
}
@misc{CambridgeEnvironmentalResearchCounsultantsCERC2014a,
author = {{Cambridge Environmental Research Counsultants (CERC)}},
booktitle = {CERC Website},
keywords = {ADMS,CMAQ},
mendeley-tags = {ADMS,CMAQ},
title = {{ADMS-Urban}},
year = {2014}
}
@article{Ginsberg2009,
author = {Ginsberg, Jeremy and Mohebbi, Matthew H and Patel, Rajan S and Brammer, Lynnette and Smolinski, Mark S and Brilliant, Larry},
journal = {Nature},
keywords = {Centers for Disease Control and Prevention (U.S.),Databases,Factual,Health Behavior,Health Education,Health Education: statistics \& numerical data,Human,Human: diagnosis,Human: epidemiology,Human: transmission,Human: virology,Humans,Influenza,Internationality,Internet,Internet: utilization,Linear Models,Office Visits,Office Visits: statistics \& numerical data,Population Surveillance,Population Surveillance: methods,Reproducibility of Results,Seasons,Time Factors,United States,User-Computer Interface},
number = {7232},
pages = {1012--4},
pmid = {19020500},
publisher = {Nature Publishing Group},
title = {{Detecting influenza epidemics using search engine query data.}},
volume = {457},
year = {2009}
}
@article{Beverland2012a,
author = {Beverland, Iain J and Cohen, Geoffrey R and Heal, Mathew R and Carder, Melanie and Yap, Christina and Robertson, Chris and Hart, Carole L and Agius, Raymond M},
journal = {Environmental health perspectives},
keywords = {Adult,Air Pollutants,Air Pollutants: analysis,Air Pollutants: toxicity,Air Pollution,Air Pollution: adverse effects,Air Pollution: analysis,Cardiovascular Diseases,Cardiovascular Diseases: epidemiology,Cardiovascular Diseases: mortality,Case-Control Studies,Cohort Studies,Female,Follow-Up Studies,Humans,Male,Middle Aged,Models,Poisson Distribution,Respiratory Tract Diseases,Respiratory Tract Diseases: epidemiology,Respiratory Tract Diseases: mortality,Scotland,Scotland: epidemiology,Theoretical,Time Factors,long-term exposure,short-term exposure},
mendeley-tags = {long-term exposure,short-term exposure},
number = {9},
pages = {1280--5},
pmid = {22674867},
title = {{A comparison of short-term and long-term air pollution exposure associations with mortality in two cohorts in Scotland.}},
volume = {120},
year = {2012}
}
@article{Atkinson2009,
author = {Atkinson, R.W. and Barratt, B. and Armstrong, B. and Anderson, H.R. and Beevers, S.D. and Mudway, I.S. and Green, D. and Derwent, R.G. and Wilkinson, P. and Tonne, C.},
journal = {Atmospheric Environment},
number = {34},
pages = {5493--5500},
publisher = {Elsevier Ltd},
title = {{The impact of the congestion charging scheme on ambient air pollution concentrations in London}},
volume = {43},
year = {2009}
}
@article{Lau2009,
author = {Lau, Kwok Hung},
journal = {Transactions in GIS},
number = {5-6},
pages = {481--502},
title = {{A GIS-based Stochastic Approach to Generating Daytime Population Distributions for Vehicle Route Planning}},
volume = {13},
year = {2009}
}
@article{Craglia2008,
author = {Craglia, Max and Goodchild, Michael F and Annoni, Alessandro and Camara, Gilberto and Gould, Michael and Kuhn, Werner and Mark, David and Masser, Ian and Maguire, David},
journal = {International Journal},
number = {3},
pages = {146--167},
pmid = {22723346},
publisher = {Joint Research Centre of the European Commission.},
title = {{Next-Generation Digital Earth}},
volume = {3},
year = {2008}
}
@article{Stieb2002,
address = {Healthy Environments and Consumer Safety Branch, Health Canada, Ottawa, ON. dave\_stieb@hc-sc.gc.ca},
author = {Stieb, David M. and Judek, Stan and Burnett, Richard T.},
journal = {Journal of the Air \& Waste Management Association},
keywords = {Age Factors Air Pollutants/analysis/*toxicity Air,long-term exposure,short-term exposure},
mendeley-tags = {long-term exposure,short-term exposure},
number = {4},
pages = {470--484},
title = {{Meta-Analysis of Time-Series Studies of Air Pollution and Mortality: Effects of Gases and Particles and the Influence of Cause of Death, Age, and Season}},
volume = {52},
year = {2002}
}
@article{Kaur2005,
author = {Kaur, S and Nieuwenhuijsen, M and Colvile, R},
isbn = {1352-2310},
journal = {Atmospheric Environment},
keywords = {Carbon monoxide,PM2.5,Personal exposure,Transport,Ultrafine particle counts,cycling,cycling exposure},
mendeley-tags = {cycling,cycling exposure},
number = {20},
pages = {3629--3641},
title = {{Personal exposure of street canyon intersection users to PM2.5, ultrafine particle counts and carbon monoxide in Central London, UK}},
volume = {39},
year = {2005}
}
@article{Peacock2011,
author = {Peacock, Janet L and Anderson, H Ross and Bremner, Stephen a and Marston, Louise and Seemungal, Terence a and Strachan, David P and Wedzicha, Jadwiga a},
journal = {Thorax},
keywords = {Aged,Air Pollutants,Air Pollutants: analysis,Air Pollutants: toxicity,Air Pollution,Air Pollution: adverse effects,Air Pollution: analysis,Chronic Obstructive,Chronic Obstructive: etiology,Chronic Obstructive: physiopath,Chronic Obstructive: physiopathology,Dyspnea,Dyspnea: etiology,Dyspnea: physiopathology,Environmental Monitoring,Environmental Monitoring: methods,Female,Follow-Up Studies,Forced Expiratory Volume,Forced Expiratory Volume: physiology,Humans,Male,Middle Aged,Peak Expiratory Flow Rate,Peak Expiratory Flow Rate: physiology,Pulmonary Disease,Urban Health,Urban Health: statistics \& numerical data,Vital Capacity,Vital Capacity: physiology,short-term exposure},
mendeley-tags = {short-term exposure},
number = {7},
pages = {591--6},
pmid = {21459856},
title = {{Outdoor air pollution and respiratory health in patients with COPD.}},
volume = {66},
year = {2011}
}
@article{Elliott2004,
author = {Elliott, Paul and Wartenberg, Daniel},
journal = {Environmental Health Perspectives},
number = {9},
pages = {998--1006},
title = {{Spatial Epidemiology: Current Approaches and Future Challenges}},
volume = {112},
year = {2004}
}
@article{Chen2011,
author = {Chen, Chun and Zhao, Bin},
isbn = {1352-2310},
journal = {Atmospheric Environment},
keywords = {I/O ratio,Indoor environment,Infiltration,Outdoor environment,Particle,Penetration},
number = {2},
pages = {275--288},
publisher = {Elsevier Ltd},
title = {{Review of relationship between indoor and outdoor particles: I/O ratio, infiltration factor and penetration factor}},
volume = {45},
year = {2011}
}
@article{Lim2012,
author = {Lim, Stephen S},
journal = {Lancet},
keywords = {80 and over,Adolescent,Adult,Age Factors,Aged,Child,Female,Humans,Infant,Male,Middle Aged,Mortality,Newborn,Preschool,Quality-Adjusted Life Years,Risk Assessment,Risk Assessment: methods,Risk Factors,Sex Factors,World Health,Young Adult},
number = {9859},
pages = {2224--60},
pmid = {23245609},
title = {{A comparative risk assessment of burden of disease and injury attributable to 67 risk factors and risk factor clusters in 21 regions, 1990-2010: a systematic analysis for the Global Burden of Disease Study 2010.}},
volume = {380},
year = {2012}
}
@article{Lee2010,
author = {Lee, Jiyeon and Lim, Soogil and Lee, Kiyoung and Guo, Xinbiao and Kamath, Ramachandra and Yamato, Hiroshi and Abas, Adinegara L and Nandasena, Sumal and Nafees, Asaad A and Sathiakumar, Nalini},
isbn = {1438-4639},
journal = {International Journal of Hygiene and Environmental Health},
keywords = {Asian countries,Indoor,PM2.5,Public places,Secondhand smoke (SHS),Smoke-free policy},
number = {5},
pages = {348--351},
title = {{Secondhand smoke exposures in indoor public places in seven Asian countries}},
volume = {213},
year = {2010}
}
@article{Russell1926,
author = {Russell, WT},
journal = {The Lancet},
pages = {335--339},
title = {{THE RELATIVE INFLUENCE OF FOG AND LOW TEMPERATURE ON THE MORTALITY FROM RESPIRATORY DISEASE.}},
year = {1926}
}
@article{Summers1976,
author = {Summers, P.W. and Whelpdale, D.M.},
journal = {Water, Air, and Soil Pollution},
keywords = {weather},
mendeley-tags = {weather},
title = {{Acid precipitation in Canada}},
volume = {6},
year = {1976}
}
@article{Dons2012,
author = {Dons, Evi and Int, Luc and Poppel, Martine Van and Theunis, Jan and Wets, Geert and {Int Panis}, Luc and {Van Poppel}, Martine},
journal = {Atmospheric Environment},
pages = {392--398},
publisher = {Elsevier Ltd},
title = {{Personal exposure to Black Carbon in transport microenvironments}},
volume = {55},
year = {2012}
}
@article{McInerny2014,
author = {McInerny, Greg J. and Chen, Min and Freeman, Robin and Gavaghan, David and Meyer, Miriah and Rowland, Francis and Spiegelhalter, David J. and Stefaner, Moritz and Tessarolo, Geizi and Hortal, Joaquin},
isbn = {0169-5347},
journal = {Trends in Ecology and Evolution},
keywords = {visualisation},
mendeley-tags = {visualisation},
number = {Box 1},
pages = {148--157},
pmid = {24565371},
publisher = {Elsevier Ltd},
title = {{Information visualisation for science and policy: Engaging users and avoiding bias}},
volume = {29},
year = {2014}
}
@article{Ashworth2013,
author = {Ashworth, Danielle C and Fuller, Gary W and Toledano, Mireille B and Font, Anna and Elliott, Paul and Hansell, Anna L and de Hoogh, Kees},
journal = {Journal of environmental and public health},
keywords = {Air Pollutants,Air Pollutants: analysis,England,Environmental Exposure,Environmental Monitoring,Environmental Monitoring: methods,Humans,Incineration,Models, Theoretical,Particulate Matter,Particulate Matter: analysis,Solid Waste,Solid Waste: analysis,Wales,Weather},
pages = {560342},
pmid = {23935644},
title = {{Comparative assessment of particulate air pollution exposure from municipal solid waste incinerator emissions.}},
volume = {2013},
year = {2013}
}
@article{Borrego2006,
author = {Borrego, C and Tchepel, O and Costa, A M and Martins, H and Ferreira, J and Miranda, A I},
journal = {Atmospheric Environment},
keywords = {atmospheric modelling,exposure,local scale,mesoscale,particulate matter},
number = {37},
pages = {7205--7214},
title = {{Traffic-related particulate air pollution exposure in urban areas}},
volume = {40},
year = {2006}
}
@techreport{WorldHealthOrganization2013a,
author = {{World Health Organization}},
institution = {World Health Organization},
keywords = {air pollution,health,who},
mendeley-tags = {air pollution,health,who},
title = {{Health Effects of Particulate Matter}},
year = {2013}
}
@article{tagkey195623,
author = {{Editorial - Official Journal of the Society of Medical Officers of Health}},
journal = {Public Health},
keywords = {1956,air pollution,clean air act,health,london,smog},
mendeley-tags = {1956,air pollution,clean air act,health,london,smog},
number = {0},
pages = {23--24},
title = {{Clearing the air}},
volume = {69},
year = {1955}
}
@article{Bond2013,
author = {Bond, T C and Doherty, S J and Fahey, D W and Forster, P M and Berntsen, T and DeAngelo, B. J. and Flanner, M G and Ghan, S and K\"{a}rcher, B. and Koch, D and Kinne, S and Kondo, Y and Quinn, P K and Sarofim, M C and Schultz, M G and Schulz, M and Venkataraman, C and Zhang, H. and Zhang, S and Bellouin, N and Guttikunda, S K and Hopke, P K and Jacobson, M Z and Kaiser, J W and Klimont, Z and Lohmann, U and Schwarz, J P and Shindell, D and Storelvmo, T. and Warren, S G and Zender, C S},
journal = {Journal of Geophysical Research: Atmospheres},
keywords = {aerosol,black carbon,climate forcing},
number = {11},
pages = {5380--5552},
title = {{Bounding the role of black carbon in the climate system: A scientific assessment}},
volume = {118},
year = {2013}
}
@misc{DEFRA2011a,
author = {DEFRA},
booktitle = {DEFRA website},
title = {{Monitoring Networks - A Brief history}},
year = {2011}
}
@article{Seaton2005,
author = {Seaton, a and Cherrie, J and Dennekamp, M and Donaldson, K and Hurley, J F and Tran, C L},
journal = {Occupational and environmental medicine},
keywords = {Acute,Acute: methods,Air Pollutants,Air Pollutants: analysis,Air Pollutants: toxicity,Cultured,DNA Damage,Dust,Dust: analysis,Environmental Exposure,Environmental Exposure: adverse effects,Environmental Exposure: analysis,Environmental Monitoring,Environmental Monitoring: methods,Ferric Compounds,Ferric Compounds: analysis,Humans,Interleukin-8,Interleukin-8: metabolism,London,Occupational Exposure,Occupational Exposure: adverse effects,Occupational Exposure: analysis,Particle Size,Plasmids,Railroads,Railroads: standards,Risk Assessment,Risk Assessment: methods,Solubility,Toxicity Tests,Transition Elements,Transition Elements: analysis,Transition Elements: toxicity,Tumor Cells,transport exposure,underground exposure},
mendeley-tags = {transport exposure,underground exposure},
number = {6},
pages = {355--62},
pmid = {15901881},
title = {{The London Underground: dust and hazards to health.}},
volume = {62},
year = {2005}
}
@article{Zell2010,
author = {Zell, Hanna and Quarcoo, David and Scutaru, Cristian and Vitzthum, Karin and Uibel, Stefanie and Sch\"{o}ffel, Norman and Mache, Stefanie and Groneberg, David a and Spallek, Michael F},
journal = {Journal of occupational medicine and toxicology (London, England)},
pages = {5},
pmid = {20359334},
title = {{Air pollution research: visualization of research activity using density-equalizing mapping and scientometric benchmarking procedures.}},
volume = {5},
year = {2010}
}
@article{Pope2006,
author = {Pope, C. Arden and Dockery, Douglas W.},
journal = {Journal of the Air \& Waste Management Association},
number = {6},
pages = {709--742},
title = {{Health Effects of Fine Particulate Air Pollution: Lines that Connect}},
volume = {56},
year = {2006}
}
@article{Dons2011,
author = {Dons, Evi and {Int Panis}, Luc and {Van Poppel}, Martine and Theunis, Jan and Willems, Hanny and Torfs, Rudi and Wets, Geert},
isbn = {1352-2310},
journal = {Atmospheric Environment},
keywords = {Air pollution,Black carbon,Exposure,Personal monitoring,Time-activity pattern,Time–activity pattern,Traffic,personal exposure,train exposure},
mendeley-tags = {personal exposure,train exposure},
number = {21},
pages = {3594--3602},
publisher = {Elsevier Ltd},
title = {{Impact of time–activity patterns on personal exposure to black carbon}},
volume = {45},
year = {2011}
}
@article{Janssen1998,
author = {Janssen, N a and Hoek, G and Brunekreef, B and Harssema, H and Mensink, I and Zuidhof, A},
journal = {American journal of epidemiology},
keywords = {Aged,Air Pollutants,Air Pollutants: analysis,Air Pollution,Female,Humans,Indoor,Indoor: analysis,Male,Middle Aged,Netherlands,Regression Analysis},
number = {6},
pages = {537--47},
pmid = {9521180},
title = {{Personal sampling of particles in adults: relation among personal, indoor, and outdoor air concentrations.}},
volume = {147},
year = {1998}
}
@article{Crabbe2000,
author = {Crabbe, Helen and Hamilton, Ron},
journal = {Transactions in GIS},
number = {3},
pages = {235--244},
title = {{Using GIS and dispersion modelling tools to assess the effect of the environment on health}},
volume = {4},
year = {2000}
}
@article{Spiegelhalter2011,
author = {Spiegelhalter, David and Pearson, Mike and Short, Ian},
isbn = {1095-9203 (Electronic)$\backslash$n0036-8075 (Linking)},
journal = {Science (New York, N.Y.)},
keywords = {visualisation},
mendeley-tags = {visualisation},
number = {September},
pages = {1393--1400},
pmid = {21903802},
title = {{Visualizing uncertainty about the future.}},
volume = {333},
year = {2011}
}
@inproceedings{Tuo2013,
address = {Paris, France},
author = {Tuo, Yujie and Li, Xianxi and Wang, Jichao},
booktitle = {Proceedings of the 2nd International Conference on Science and Social Research},
isbn = {978-90-78677-75-8},
keywords = {abstract,accompanied by the,air pollution,air pollution appeared in,and the air pollution,beijing,beijing soon,fast urbanization in 1990s,has caused widespread concern,has threatened,health,health in beijing,in 2013,problems,residents,s experience,the frequent haze weather,the residents,this article will,through learning from london,urban,urbanization},
mendeley-tags = {beijing,urban},
number = {Icssr},
pages = {732--735},
publisher = {Atlantis Press},
title = {{Negative Effects of Beijing's Air Pollution Caused by Urbanization on Residents Health}},
year = {2013}
}
@misc{WorldHealthOrganization2011,
author = {{World Health Organization}},
booktitle = {World Health Organization website},
keywords = {air pollution,health,limits,pm10,pm25,who},
mendeley-tags = {air pollution,health,limits,pm10,pm25,who},
title = {{WHO | Air quality and health}},
year = {2011}
}
@article{Atkinson2010,
author = {Atkinson, Richard W and Fuller, Gary W and Anderson, H Ross and Harrison, Roy M and Armstrong, Ben},
journal = {Epidemiology (Cambridge, Mass.)},
keywords = {Air Pollution,Air Pollution: adverse effects,Air Pollution: analysis,Air Pollution: statistics \& numerical data,Cardiovascular Diseases,Cardiovascular Diseases: chemically induced,Cardiovascular Diseases: epidemiology,Cardiovascular Diseases: mortality,Confidence Intervals,Emergency Service,Hospital,Hospital: statistics \& numerical data,Hospitalization,Hospitalization: statistics \& numerical data,Humans,London,London: epidemiology,Mortality,Particulate Matter,Particulate Matter: adverse effects,Particulate Matter: analysis,Poisson Distribution,Regression Analysis,Time Factors,Urban Health,Urban Health: statistics \& numerical data,health,monitoring sites},
mendeley-tags = {health,monitoring sites},
number = {4},
pages = {501--11},
pmid = {20502338},
title = {{Urban ambient particle metrics and health: a time-series analysis.}},
volume = {21},
year = {2010}
}
@article{Boldo2011,
author = {Boldo, Elena and Linares, Cristina and Lumbreras, Julio and Borge, Rafael and Narros, Adolfo and Garc\'{\i}a-P\'{e}rez, Javier and Fern\'{a}ndez-Navarro, Pablo and P\'{e}rez-G\'{o}mez, Beatriz and Aragon\'{e}s, Nuria and Ramis, Rebeca and Poll\'{a}n, Marina and Moreno, Teresa and Karanasiou, Angeliki and L\'{o}pez-Abente, Gonzalo},
isbn = {0160-4120},
journal = {Environment international},
keywords = {Adult,Aged,Air Pollutants,Air Pollutants: analysis,Air Pollution,Air Pollution: adverse effects,Air Pollution: prevention \& control,Air Pollution: statistics \& numerical data,Conservation of Natural Resources,Environmental pollution,Female,Geographic Information Systems,Health Status,Humans,Inhalation Exposure,Inhalation Exposure: analysis,Inhalation Exposure: standards,Inhalation Exposure: statistics \& numerical data,Male,Middle Aged,Mortality,Mortality: trends,Particle Size,Particulate Matter: analysis,Particulate matter,Respiratory Tract Diseases,Respiratory Tract Diseases: epidemiology,Risk Assessment,Risk benefit assessment,Software tool,Spain},
number = {2},
pages = {342--8},
pmid = {21056471},
publisher = {Elsevier Ltd},
title = {{Health impact assessment of a reduction in ambient PM(2.5) levels in Spain.}},
volume = {37},
year = {2011}
}
@article{OBrien2013,
author = {O’Brien, Oliver and Cheshire, James and Batty, Michael},
journal = {Journal of Transport Geography},
publisher = {Elsevier Ltd},
title = {{Mining bicycle sharing data for generating insights into sustainable transport systems}},
year = {2013}
}
@article{DeNazelle2008,
author = {de Nazelle, A and Basagana, X and Figueras, F and Sunyer, J and Nieuwenhuijsen, M},
journal = {Epidemiology},
number = {6},
title = {{Air Pollution Exposure and Reproductive Outcomes Study in Barcelona}},
volume = {19},
year = {2008}
}
@misc{OfficeforNationalStatistics2014,
author = {{Office for National Statistics}},
booktitle = {Office for National Statistics website},
keywords = {cycling},
mendeley-tags = {cycling},
title = {{2011 Census Analysis, Cycling to Work}},
year = {2014}
}
@article{Monn2001,
author = {Monn, Christian},
isbn = {1352-2310},
journal = {Atmospheric Environment},
keywords = {Bioaerosols,Exposure assessment,NO2,O3,PM10,PM2.5,Particles,indoor},
mendeley-tags = {indoor},
number = {1},
pages = {1--32},
title = {{Exposure assessment of air pollutants: a review on spatial heterogeneity and indoor/outdoor/personal exposure to suspended particulate matter, nitrogen dioxide and ozone}},
volume = {35},
year = {2001}
}
@misc{BBC2007,
author = {BBC},
booktitle = {BBC News website},
keywords = {air pollution,bbc,beijing,health,olympics},
mendeley-tags = {air pollution,bbc,beijing,health,olympics},
title = {{Pollution risk for Olympic events}},
year = {2007}
}
@article{Henschel2012,
author = {Henschel, Susann and Atkinson, Richard and Zeka, Ariana and {Le Tertre}, Alain and Analitis, Antonis and Katsouyanni, Klea and Chanel, Olivier and Pascal, Mathilde and Forsberg, Bertil and Medina, Sylvia and Goodman, Patrick G},
journal = {International journal of public health},
keywords = {air pollution \'{a} intervention,study \'{a}},
number = {Godlee 1991},
pmid = {22592907},
title = {{Air pollution interventions and their impact on public health.}},
year = {2012}
}
@article{Brimblecombe1999,
author = {Brimblecombe, Peter},
isbn = {0123523354},
journal = {Air pollution and health},
title = {{Air pollution and health history}},
year = {1999}
}
@article{Ragettli2013,
author = {Ragettli, Martina S. and Corradi, Elisabetta and Braun-Fahrl\"{a}nder, Charlotte and Schindler, Christian and de Nazelle, Audrey and Jerrett, Michael and Ducret-Stich, Regina E. and K\"{u}nzli, Nino and Phuleria, Harish C.},
journal = {Atmospheric Environment},
keywords = {Air pollution,Commuter,Near-road exposure,Particle size,Switzerland,Ultrafine particles,cycling exposure,exposure,transport,transport exposure},
mendeley-tags = {cycling exposure,exposure,transport,transport exposure},
pages = {376--384},
publisher = {Elsevier Ltd},
title = {{Commuter exposure to ultrafine particles in different urban locations, transportation modes and routes}},
volume = {77},
year = {2013}
}
@article{Salvi1999,
author = {Salvi, S and Blomberg, A and Rudell, B and Kelly, F and Sandstr\"{o}m, T and Holgate, S T and Frew, A},
journal = {American journal of respiratory and critical care medicine},
keywords = {Adult,Biopsy,Blood Cell Count,Bronchi,Bronchi: chemistry,Bronchi: drug effects,Bronchi: pathology,Cell Count,Female,Fibronectins,Fibronectins: analysis,Forced Expiratory Volume,Histamine,Histamine: analysis,Humans,Immunohistochemistry,Inflammation,Intercellular Adhesion Molecule-1,Intercellular Adhesion Molecule-1: analysis,Lymphocyte Function-Associated Antigen-1,Lymphocyte Function-Associated Antigen-1: analysis,Lymphocyte Subsets,Male,Mast Cells,Mast Cells: pathology,Maximal Expiratory Flow Rate,Neutrophils,Neutrophils: pathology,Peak Expiratory Flow Rate,Time Factors,Vascular Cell Adhesion Molecule-1,Vascular Cell Adhesion Molecule-1: analysis,Vehicle Emissions,Vehicle Emissions: adverse effects,Vital Capacity,chamber},
mendeley-tags = {chamber},
number = {3},
pages = {702--9},
pmid = {10051240},
title = {{Acute inflammatory responses in the airways and peripheral blood after short-term exposure to diesel exhaust in healthy human volunteers.}},
volume = {159},
year = {1999}
}
@article{Baumgartner2011,
author = {Baumgartner, J and Schauer, J J and Ezzati, M and Lu, L and Cheng, C and Patz, J and Bautista, L E},
journal = {Indoor air},
keywords = {80 and over,Adult,Aged,Air Pollution,Biological,Biomass,Child,China,Cities,Cooking,Cooking: instrumentation,Cooking: methods,Environmental Monitoring,Female,Housing,Humans,Indoor,Indoor: analysis,Indoor: legislation \& jurisprudence,Indoor: prevention \& control,Middle Aged,Models,Particulate Matter,Particulate Matter: analysis,Preschool,Risk Assessment,Risk Assessment: methods,Risk Assessment: trends,Rural Health,Rural Population,Seasons,Ventilation,Ventilation: instrumentation,Ventilation: methods,indoor},
mendeley-tags = {indoor},
number = {6},
pages = {479--88},
pmid = {21692855},
title = {{Patterns and predictors of personal exposure to indoor air pollution from biomass combustion among women and children in rural China.}},
volume = {21},
year = {2011}
}
@article{Gerharz2013,
author = {Gerharz, Lydia E. and Klemm, Otto and Broich, Anna V. and Pebesma, Edzer},
journal = {Atmospheric Environment},
number = {2},
pages = {56--65},
publisher = {Elsevier Ltd},
title = {{Spatio-temporal modelling of individual exposure to air pollution and its uncertainty}},
volume = {64},
year = {2013}
}
@article{Monks2009,
author = {Monks, P S and Granier, C and Fuzzi, S and Stohl, A and Williams, M L and Akimoto, H and Amann, M and Baklanov, A and Baltensperger, U and Bey, I and Blake, N and Blake, R S and Carslaw, K and Cooper, O R and Dentener, F and Fowler, D and Fragkou, E and Frost, G J and Generoso, S and Ginoux, P and Grewe, V and Guenther, A and Hansson, H C and Henne, S and Hjorth, J and Hofzumahaus, A and Huntrieser, H and Isaksen, I S A and Jenkin, M E and Kaiser, J and Kanakidou, M and Klimont, Z and Kulmala, M and Laj, P and Lawrence, M G and Lee, J D and Liousse, C and Maione, M and McFiggans, G and Metzger, A and Mieville, A and Moussiopoulos, N and Orlando, J J and O'Dowd, C D and Palmer, P I and Parrish, D D and Petzold, A and Platt, U and P\"{o}schl, U and Pr\'{e}v\^{o}t, A S H and Reeves, C E and Reimann, S and Rudich, Y and Sellegri, K and Steinbrecher, R and Simpson, D and ten Brink, H and Theloke, J and van der Werf, G R and Vautard, R and Vestreng, V and Vlachokostas, Ch and von Glasow, R},
isbn = {1352-2310},
journal = {Atmospheric Environment},
keywords = {Aerosols,Air quality,Atmosphere,Climate,Co-benefit,Emissions,Oxidation chemistry,Ozone,Transport of pollutants,Troposphere},
number = {33},
pages = {5268--5350},
title = {{Atmospheric composition change - global and regional air quality}},
volume = {43},
year = {2009}
}
@article{Cyrys2008,
author = {Cyrys, Josef and Pitz, Mike and Heinrich, Joachim and Wichmann, H Erich and Peters, Annette},
isbn = {0048-9697},
journal = {Science of the Total \ldots},
keywords = {correlation coefficients,epidemiological studies,particle number concentration (PNC),spatial variation,wind direction},
number = {1-3},
pages = {168--175},
title = {{Spatial and temporal variation of particle number concentration in Augsburg, Germany}},
volume = {401},
year = {2008}
}
@article{Marshall2008,
author = {Marshall, Julian D. and Nethery, Elizabeth and Brauer, Michael},
isbn = {1352-2310},
journal = {Atmospheric Environment},
keywords = {Geographic information system (GIS),Land-use regression (LUR),Models-3/community multiscale air quality (CMAQ) m,cmaq,community,exposure analysis,geographic information system,gis,land-use regression,lur,model,models-3,multiscale air quality,traffic emissions},
number = {6},
pages = {1359--1369},
title = {{Within-urban variability in ambient air pollution: Comparison of estimation methods}},
volume = {42},
year = {2008}
}
@article{ZaltzAustwick2013,
author = {{Zaltz Austwick}, Martin and O'Brien, Oliver and Strano, Emanuele and Viana, Matheus},
journal = {PloS one},
number = {9},
pages = {e74685},
pmid = {24040320},
title = {{The structure of spatial networks and communities in bicycle sharing systems.}},
volume = {8},
year = {2013}
}
@article{Arrandale2011,
author = {Arrandale, Victoria H and Brauer, Michael and Brook, Jeffrey R and Brunekreef, Bert and Gold, Diane R and London, Stephanie J and Miller, J David and \"{O}zkaynak, Hal\^{u}k and Ries, Nola M and Sears, Malcolm R and Silverman, Frances S and Takaro, Tim K},
journal = {Environmental health perspectives},
keywords = {Asthma,Asthma: epidemiology,Child,Cohort Studies,Environmental Exposure,Environmental Exposure: adverse effects,Humans,Hypersensitivity,Hypersensitivity: epidemiology,Longitudinal Studies,Risk Factors},
number = {5},
pages = {591--7},
pmid = {21081299},
title = {{Exposure assessment in cohort studies of childhood asthma.}},
volume = {119},
year = {2011}
}
@article{Farias2006,
author = {Farias, F and ApSimon, H},
journal = {Environmental Modelling \& Software},
keywords = {ADMS-Urban,Air pollution,Aircraft,Aircraft emissions,Airport,Dispersion,Dispersion modelling,Exposure,Heathrow airport,London,Nitrogen oxides,Traffic,Urban air quality},
number = {4},
pages = {477--485},
title = {{Relative contributions from traffic and aircraft NOx emissions to exposure in West London}},
volume = {21},
year = {2006}
}
@techreport{GreaterLondonAuthorityGLA2010,
address = {London},
author = {{Greater London Authority (GLA)}},
keywords = {air,air quality,history,london,mayor,pollution},
mendeley-tags = {air,london,mayor,pollution},
number = {December},
pages = {19},
title = {{The Mayor’s Air Quality Strategy : Clearing the air (Executive Summary)}},
year = {2010}
}
@article{Fox2011,
author = {Fox, Peter and Hendler, James},
institution = {Tetherless World Constellation, Rensselaer Polytechnic Institute, Troy, NY 12180, USA.},
journal = {Science (New York, N.Y.)},
keywords = {visualisation},
mendeley-tags = {visualisation},
number = {6018},
pages = {705--708},
pmid = {21311008},
title = {{Changing the equation on scientific data visualization.}},
volume = {331},
year = {2011}
}
@article{Schweizer2007,
author = {Schweizer, Christian and Edwards, Rufus David and Bayer-Oglesby, Lucy and Gauderman, William James and Ilacqua, Vito and Jantunen, Matti Juhani and Lai, Hak Kan and Nieuwenhuijsen, Mark and K\"{u}nzli, Nino},
journal = {Journal of exposure science \& environmental epidemiology},
keywords = {Activities of Daily Living,Adult,Air Pollutants,Air Pollutants: analysis,Air Pollution, Indoor,Air Pollution, Indoor: analysis,Environmental Exposure,Environmental Exposure: analysis,Female,Humans,Male,Middle Aged,Occupational Exposure,Occupational Exposure: analysis,Seasons,Sex Distribution,Tobacco Smoke Pollution,Workplace},
number = {2},
pages = {170--81},
pmid = {16721413},
title = {{Indoor time-microenvironment-activity patterns in seven regions of Europe.}},
volume = {17},
year = {2007}
}
@misc{Wikipedia2014,
author = {Wikipedia},
booktitle = {Wikipedia},
keywords = {cycling},
mendeley-tags = {cycling},
title = {{List of bicycle sharing systems}},
year = {2014}
}
@article{Salvi2000,
author = {Salvi, S S and Nordenhall, C and Blomberg, A and Rudell, B and Pourazar, J and Kelly, F J and Wilson, S and Sandstr\"{o}m, T and Holgate, S T and Frew, a J},
journal = {American journal of respiratory and critical care medicine},
keywords = {Bronchoalveolar Lavage Fluid,Bronchoalveolar Lavage Fluid: immunology,CXC,CXC: genetics,CXC: metabolism,Chemokine CXCL1,Chemokines,Chemotactic Factors,Chemotactic Factors: genetics,Chemotactic Factors: metabolism,Cytokines,Cytokines: genetics,Cytokines: metabolism,Gasoline,Gasoline: toxicity,Genetic,Genetic: drug effects,Growth Substances,Growth Substances: genetics,Growth Substances: metabolism,Humans,Intercellular Signaling Peptides and Proteins,Neutrophil Infiltration,Neutrophil Infiltration: drug effects,Neutrophil Infiltration: immunology,Respiratory Mucosa,Respiratory Mucosa: drug effects,Respiratory Mucosa: immunology,Transcription,Vehicle Emissions,Vehicle Emissions: toxicity,chamber},
mendeley-tags = {chamber},
number = {2 Pt 1},
pages = {550--7},
pmid = {10673199},
title = {{Acute exposure to diesel exhaust increases IL-8 and GRO-alpha production in healthy human airways.}},
volume = {161},
year = {2000}
}
@techreport{CommitteeontheMedicalEffectsofAirPollutants2009,
address = {London},
author = {{Committee on the Medical Effects of Air Pollutants}},
isbn = {9780859516402},
keywords = {long-term exposure},
mendeley-tags = {long-term exposure},
title = {{Long-Term Exposure to Air Pollution: Effect on Mortality}},
year = {2009}
}
@article{Nwokoro2012,
author = {Nwokoro, Chinedu and Ewin, Clare and Harrison, Clare and Ibrahim, Mubin and Dundas, Isobel and Dickson, Iain and Mushtaq, Naseem and Grigg, Jonathan},
journal = {The European respiratory journal},
keywords = {Adult,Air Pollution,Alveolar,Alveolar: chemistry,Bicycling,Female,Humans,Inhalation,London,Macrophages,Male,Soot,Soot: analysis,Work,Young Adult,cycling,cycling exposure},
mendeley-tags = {cycling,cycling exposure},
number = {5},
pages = {1091--7},
pmid = {22362851},
title = {{Cycling to work in London and inhaled dose of black carbon.}},
volume = {40},
year = {2012}
}
@article{Buonanno2014,
author = {Buonanno, G and Stabile, L and Morawska, L},
journal = {The Science of the total environment},
keywords = {Alveolar-deposited surface area,Cooking-generated particles,Indoor environment,Particle dose,Ultrafine particles,personal exposure},
mendeley-tags = {personal exposure},
pages = {903--7},
pmid = {24080417},
title = {{Personal exposure to ultrafine particles: the influence of time-activity patterns.}},
volume = {468-469},
year = {2014}
}
@article{loomis2013,
author = {Loomis, Dana and Grosse, Yann and Lauby-Secretan, B\'{e}atrice and {El Ghissassi}, Fatiha and Bouvard, V\'{e}ronique and Benbrahim-Tallaa, Lamia and Guha, Neela and Baan, Robert and Mattock, Heidi and Straif, Kurt and Ghissassi, Fatiha El},
journal = {The Lancet Oncology},
number = {13},
pages = {1262--1263},
publisher = {Elsevier},
title = {{The carcinogenicity of outdoor air pollution}},
volume = {14},
year = {2013}
}
@misc{Vizzuality2013,
address = {New York},
author = {Vizzuality},
keywords = {cartodb,gis,software},
mendeley-tags = {cartodb,gis,software},
publisher = {Vizzuality Ltd},
title = {{CartoDB}},
year = {2013}
}
@article{Vanderstraeten2011,
author = {Vanderstraeten, Peter},
journal = {Journal of Environmental Protection},
keywords = {1,5,Black Carbon, PM10, PM2.5, Particle Mass Concentra,black carbon,has been,introduction and methods,measured since 1968,of,particle mass concentration,particle number concentration,pm 10,pm 2,the air quality in,the brussels urban region,the telemetric network consists},
number = {05},
pages = {525--532},
title = {{Black Carbon Instead of Particle Mass Concentration as an Indicator for the Traffic Related Particles in the Brussels Capital Region}},
volume = {02},
year = {2011}
}
@article{Jalava2012,
author = {Jalava, Pasi I and Aakko-Saksa, P\"{a}ivi and Murtonen, Timo and Happo, Mikko S and Markkanen, Ari and Yli-Piril\"{a}, Pasi and Hakulinen, Pasi and Hillamo, Risto and M\"{a}ki-Paakkanen, Jorma and Salonen, Raimo O and Jokiniemi, Jorma and Hirvonen, Maija-Riitta},
journal = {Particle and fibre toxicology},
keywords = {Air Pollutants,Air Pollutants: chemistry,Air Pollutants: toxicity,Animals,Apoptosis,Apoptosis: drug effects,Biofuels,Cell Cycle,Cell Cycle: drug effects,Cell Line,Cell Membrane Permeability,Cell Membrane Permeability: drug effects,Cell Survival,Cell Survival: drug effects,Cytokines,Cytokines: metabolism,Gas,Hydrogenation,Macrophages,Macrophages: drug effects,Macrophages: metabolism,Mice,Natural,Natural: toxicity,Particulate Matter,Particulate Matter: chemistry,Particulate Matter: toxicity,Plant Oils,Plant Oils: toxicity,Reactive Oxygen Species,Reactive Oxygen Species: metabolism,Vehicle Emissions,Vehicle Emissions: analysis,Vehicle Emissions: toxicity,car exposure,exposure},
mendeley-tags = {car exposure,exposure},
pages = {37},
pmid = {23021308},
title = {{Toxicological properties of emission particles from heavy duty engines powered by conventional and bio-based diesel fuels and compressed natural gas.}},
volume = {9},
year = {2012}
}
@techreport{Erbertseder2010,
author = {Erbertseder, Thilo},
booktitle = {Europe},
title = {{PASODOBLE: Promote Air Quality Services integrating Observations – Development Of Basic Localised Information for Europe}},
year = {2010}
}
@book{colls1997,
author = {Colls, J},
isbn = {9780419206507},
keywords = {air pollution},
mendeley-tags = {air pollution},
publisher = {E \& FN Spon},
title = {{Air Pollution: An Introduction}},
year = {1997}
}
@article{Li2011,
author = {Li, Zheng and Sj\"{o}din, Andreas and Romanoff, Lovisa C and Horton, Kevin and Fitzgerald, Christopher L and Eppler, Adam and Aguilar-Villalobos, Manuel and Naeher, Luke P},
isbn = {0160-4120},
journal = {Environment International},
keywords = {Biomass burning,Biomonitoring,Peru,Polycyclic aromatic hydrocarbons,Solid fuel,Stove intervention,indoor},
mendeley-tags = {indoor},
number = {7},
pages = {1157--1163},
title = {{Evaluation of exposure reduction to indoor air pollution in stove intervention projects in Peru by urinary biomonitoring of polycyclic aromatic hydrocarbon metabolites}},
volume = {37},
year = {2011}
}
@techreport{AirQualityExpertGroup2004,
address = {London},
author = {{Air Quality Expert Group}},
keywords = {NOX,nitrogen dioxide,nitrogen monoxide,traffic},
mendeley-tags = {NOX,nitrogen dioxide,nitrogen monoxide,traffic},
pages = {20},
title = {{Nitrogen Dioxide in the United Kingdom}},
year = {2004}
}
@article{Krzywinski2013,
author = {Krzywinski, Martin and Cairo, Alberto},
journal = {Nature Methods},
keywords = {visualisation},
mendeley-tags = {visualisation},
number = {8},
pages = {687--687},
pmid = {24058975},
title = {{Points of view: Storytelling}},
volume = {10},
year = {2013}
}
@misc{EarthPolicyInsitute2013,
author = {{Earth Policy Insitute}},
booktitle = {Earth Policy Institute Website},
keywords = {cycling},
mendeley-tags = {cycling},
title = {{Bike-sharing Programs Hit the Streets in Over 500 Cities Worldwide}},
year = {2013}
}
@article{Ghio2000,
author = {Ghio, Andrew J and Kim, Chong and Devlin, Robert B},
journal = {American journal of respiratory and critical care medicine},
keywords = {Adult,Alveolitis,Bronchoalveolar Lavage Fluid,Bronchoalveolar Lavage Fluid: immunology,Dust,Dust: adverse effects,Extrinsic Allergic,Extrinsic Allergic: immunology,Female,Fibrinogen,Fibrinogen: metabolism,Humans,Leukocyte Count,Lung,Lung: immunology,Male,Neutrophils,Neutrophils: immunology,Particle Size,Systemic Inflammatory Response Syndrome,Systemic Inflammatory Response Syndrome: immunolog,chamber},
mendeley-tags = {chamber},
number = {3 Pt 1},
pages = {981--8},
pmid = {10988117},
title = {{Concentrated ambient air particles induce mild pulmonary inflammation in healthy human volunteers.}},
volume = {162},
year = {2000}
}
@article{Zeger2000,
author = {Zeger, S L and Thomas, D and Dominici, F and Samet, J M and Schwartz, J and Dockery, D and Cohen, a},
journal = {Environmental health perspectives},
keywords = {Air Pollution,Air Pollution: analysis,Air Pollution: statistics \& numerical data,Bias (Epidemiology),Environmental Exposure,Environmental Health,Epidemiologic Methods,Humans,Mortality,Regression Analysis,Risk Assessment,Time Factors},
number = {5},
pages = {419--26},
pmid = {10811568},
title = {{Exposure measurement error in time-series studies of air pollution: concepts and consequences.}},
volume = {108},
year = {2000}
}
@article{Dockery1993,
author = {Dockery, DW and Pope, CA and Xu, X},
journal = {New England journal},
title = {{An association between air pollution and mortality in six US cities}},
year = {1993}
}
@article{Hussein2014,
author = {Hussein, Tareq and Wierzbicka, Aneta and L\"{o}ndahl, Jakob and Lazaridis, Mihalis and H\"{a}nninen, Otto},
journal = {Atmospheric Environment},
keywords = {indoor exposure},
mendeley-tags = {indoor exposure},
title = {{Indoor aerosol modeling for assessment of exposure and respiratory tract deposited dose}},
year = {2014}
}
@misc{UnitedNations2013,
author = {{United Nations}},
booktitle = {United Nations website},
keywords = {cities,crowding,population},
mendeley-tags = {cities,crowding,population},
title = {{United Nations website}},
year = {2013}
}
@misc{TransportforLondon2014a,
author = {{Transport for London}},
booktitle = {TfL website},
keywords = {underground exposure},
mendeley-tags = {underground exposure},
title = {{TfL - Facts and Figures}},
year = {2014}
}
@article{Katz2013,
author = {Katz, Yarden},
isbn = {1548-7105 (Electronic)$\backslash$r1548-7091 (Linking)},
journal = {Nature Methods},
keywords = {visualisation},
mendeley-tags = {visualisation},
number = {11},
pages = {1045--1045},
pmid = {24173378},
publisher = {Nature Publishing Group},
title = {{Against storytelling of scientific results}},
volume = {10},
year = {2013}
}
@article{Rojas-Rueda2013,
author = {Rojas-Rueda, D and de Nazelle, A and Teixid\'{o}, O and Nieuwenhuijsen, M J},
journal = {Preventive medicine},
keywords = {Accidents,Adult,Aged,Air Pollution,Air Pollution: prevention \& control,Bicycling,Bicycling: statistics \& numerical data,Cause of Death,Chronic Disease,Chronic Disease: mortality,Chronic Disease: prevention \& control,Female,Health Impact Assessment,Humans,Male,Middle Aged,Motor Activity,Spain,Traffic,Transportation,Transportation: statistics \& numerical data,Urban Population,Urban Population: statistics \& numerical data,Wounds and Injuries,Wounds and Injuries: mortality,Wounds and Injuries: prevention \& control,cycling exposure,health},
mendeley-tags = {cycling exposure,health},
number = {5},
pages = {573--9},
pmid = {23938465},
publisher = {Elsevier Inc.},
title = {{Health impact assessment of increasing public transport and cycling use in Barcelona: a morbidity and burden of disease approach.}},
volume = {57},
year = {2013}
}
@article{Guo2012,
author = {Guo, Yuming and Barnett, Adrian G and Tong, Shilu},
journal = {Environmental research},
keywords = {Model comparison,Mortality,Spatial analysis,Spatiotemporal model,Temperature effect,Time series model},
pages = {1--8},
pmid = {23026801},
publisher = {Elsevier},
title = {{Spatiotemporal model or time series model for assessing city-wide temperature effects on mortality?}},
year = {2012}
}
@misc{GlobalHealthObservatory2012,
author = {{Global Health Observatory}, World Health Organization},
booktitle = {World Health Organisation website},
keywords = {cities,city,population growth,who},
mendeley-tags = {cities,city,population growth,who},
title = {{Urban population growth}},
year = {2012}
}
@article{Joyce2009,
author = {Joyce, Kerry},
journal = {Health \& place},
keywords = {Attitude to Computers,Decision Making,Geographic Information Systems,Geographic Information Systems: utilization,Humans,Interviews as Topic,Public Health},
number = {3},
pages = {801--10},
pmid = {19268622},
title = {{"To me it's just another tool to help understand the evidence": public health decision-makers' perceptions of the value of geographical information systems (GIS).}},
volume = {15},
year = {2009}
}
@article{Ellul2012,
author = {Ellul, Claire},
journal = {Transactions in GIS},
number = {4},
pages = {435--454},
title = {{Can Free (and Open Source) Software and Data be Used to Underpin a Self-Paced Tutorial on Spatial Databases?}},
volume = {16},
year = {2012}
}
@article{Taylor2014,
author = {Taylor, J and Shrubsole, C and Davies, M and Biddulph, P and Das, P and Hamilton, I and Vardoulakis, S and Mavrogianni, a and Jones, B and Oikonomou, E},
journal = {Indoor air},
keywords = {5,building stock model,energyplus,geographical information systems,indoor air quality,pm 2},
pages = {1--13},
pmid = {24713025},
title = {{The modifying effect of the building envelope on population exposure to PM2.5 from outdoor sources.}},
year = {2014}
}
@techreport{AirQualityExpertGroup2004,
author = {{Air Quality Expert Group}},
title = {{Nitrogen Dioxide in the United Kingdom}},
year = {2004}
}
@article{Jr2003,
author = {Jr, H Gong and Sioutas, C and Linn, WS},
journal = {Research report (Health Effects \ldots},
keywords = {chamber},
mendeley-tags = {chamber},
number = {118},
title = {{Controlled exposures of healthy and asthmatic volunteers to concentrated ambient particles in metropolitan Los Angeles.}},
year = {2003}
}
@techreport{AirQualityExpertGroup2007,
author = {{Air Quality Expert Group}},
isbn = {9780855211790},
keywords = {primary nitrogen dioxide},
mendeley-tags = {primary nitrogen dioxide},
pages = {140},
title = {{Trends in Primary Nitrogen Dioxide in the United Kingdom}},
year = {2007}
}
@article{Garza1996,
author = {Garza, Gustavo},
journal = {Cities},
number = {5},
title = {{Uncontrolled air pollution in Mexico City}},
volume = {13},
year = {1996}
}
@article{Knibbs2011,
author = {Knibbs, Luke D. and Cole-Hunter, Tom and Morawska, Lidia},
isbn = {1352-2310},
journal = {Atmospheric Environment},
keywords = {Acute health effects,Air pollution,Public transport,Transport modes,Travel,train exposure},
mendeley-tags = {train exposure},
number = {16},
pages = {2611--2622},
publisher = {Elsevier Ltd},
title = {{A review of commuter exposure to ultrafine particles and its health effects}},
volume = {45},
year = {2011}
}
@article{Janssen2001,
author = {Janssen, Nicole A H and van Vliet, Patricia H N and Aarts, Franc\'{e}e and Harssema, Hendrik and Brunekreef, Bert},
isbn = {1352-2310},
journal = {Atmospheric Environment},
keywords = {Benzene,Nitrogen dioxide,Particles,Roads,Soot,Traffic pollution},
number = {22},
pages = {3875--3884},
title = {{Assessment of exposure to traffic related air pollution of children attending schools near motorways}},
volume = {35},
year = {2001}
}
@article{Gauderman2007,
author = {Gauderman, W James and Vora, Hita and McConnell, Rob and Berhane, Kiros and Gilliland, Frank and Thomas, Duncan and Lurmann, Fred and Avol, Edward and Kunzli, Nino and Jerrett, Michael and Peters, John},
journal = {Lancet},
keywords = {Adolescent,Air Pollutants,Air Pollutants: adverse effects,California,Child,Cohort Studies,Female,Follow-Up Studies,Humans,Linear Models,Lung,Lung: drug effects,Lung: growth \& development,Male,Maximal Midexpiratory Flow Rate,Social Class,Vehicle Emissions,Vital Capacity},
number = {9561},
pages = {571--7},
pmid = {17307103},
title = {{Effect of exposure to traffic on lung development from 10 to 18 years of age: a cohort study.}},
volume = {369},
year = {2007}
}
@article{Mayer1999,
author = {Mayer, Helmut},
journal = {Atmospheric Environment},
keywords = {assessment air pollution,cycles trends,emissions urban air,pollution,urban air pollutants},
number = {24-25},
pages = {4029--4037},
title = {{Air pollution in cities}},
volume = {33},
year = {1999}
}
@article{Arrandale2011,
author = {Arrandale, Victoria H and Brauer, Michael and Brook, Jeffrey R and Brunekreef, Bert and Gold, Diane R and London, Stephanie J and Miller, J David and \"{O}zkaynak, Hal\^{u}k and Ries, Nola M and Sears, Malcolm R and Silverman, Frances S and Takaro, Tim K},
journal = {Environmental health perspectives},
keywords = {Asthma,Asthma: epidemiology,Child,Cohort Studies,Environmental Exposure,Environmental Exposure: adverse effects,Humans,Hypersensitivity,Hypersensitivity: epidemiology,Longitudinal Studies,Risk Factors},
number = {5},
pages = {591--7},
pmid = {21081299},
title = {{Exposure assessment in cohort studies of childhood asthma.}},
volume = {119},
year = {2011}
}
@article{Cames2013,
author = {Cames, Michel and Helmers, Eckard},
journal = {Environmental Sciences Europe},
keywords = {CO2,NOx,black carbon,co 2,diesel,diesel car boom,dieselization,emissions,fuel,global warming,health effects,no x,pm,soot,taxation,voluntary agreement},
mendeley-tags = {diesel},
number = {1},
pages = {15},
publisher = {Environmental Sciences Europe},
title = {{Critical evaluation of the European diesel car boom - global comparison, environmental effects and various national strategies}},
volume = {25},
year = {2013}
}
@article{MacKerron2009,
author = {MacKerron, George and Mourato, Susana},
journal = {Ecological Economics},
number = {5},
pages = {1441--1453},
publisher = {Elsevier B.V.},
title = {{Life satisfaction and air quality in London}},
volume = {68},
year = {2009}
}
@misc{Evanko2013,
author = {Evanko, Daniel},
booktitle = {Nature Methods},
keywords = {visualisation},
mendeley-tags = {visualisation},
title = {{Data visualization: A view of every Points of View column}},
year = {2013}
}
@article{Bae2007,
author = {Bae, Chang-Hee Christine and Sandlin, Gail and Bassok, Alon and Kim, Sungyop},
journal = {Environment and Planning B: Planning and Design},
number = {1},
pages = {154--170},
title = {{The exposure of disadvantaged populations in freeway air-pollution sheds: a case study of the Seattle and Portland regions}},
volume = {34},
year = {2007}
}
@article{Bravo2000,
author = {Bravo, H.a and Torres, R.J},
journal = {Atmospheric Environment},
keywords = {mexico city,ozone urban air pollution,reformulated gasoline},
number = {3},
pages = {499--506},
title = {{The usefulness of air quality monitoring and air quality impact studies before the introduction of reformulated gasolines in developing countries. Mexico City, a real case study}},
volume = {34},
year = {2000}
}
@article{Vardoulakis2008,
author = {Vardoulakis, Sotiris and Chalabi, Zaid and Fletcher, Tony and Grundy, Chris and Leonardi, Giovanni S},
isbn = {2075804524},
journal = {The Science of the total environment},
keywords = {Air Pollutants,Air Pollutants: analysis,Benzo(a)pyrene,Benzo(a)pyrene: analysis,Environmental Exposure,Great Britain,Humans,Models, Theoretical,Uncertainty,Vehicle Emissions,Vehicle Emissions: analysis},
number = {2-3},
pages = {244--51},
pmid = {18295302},
title = {{Impact and uncertainty of a traffic management intervention: population exposure to polycyclic aromatic hydrocarbons.}},
volume = {394},
year = {2008}
}
@techreport{UnitedStatesEnvironmentalProtectionAgency2008,
author = {{United States Environmental Protection Agency}},
keywords = {air quality,indoor,outdoor,pollution},
mendeley-tags = {air quality,indoor,outdoor,pollution},
number = {September},
title = {{Care for Your Air: A Guide to Indoor Air Quality}},
year = {2008}
}
@article{Karanasiou2014,
author = {Karanasiou, Angeliki and Viana, Mar and Querol, Xavier and Moreno, Teresa and de Leeuw, Frank},
journal = {The Science of the total environment},
keywords = {Black carbon,Commuter,Cycling,Particle number concentration,Traffic,Ultrafine particles,car exposure,cycling exposure,exposure,transport exposure,ultra fi ne particles,underground exposure},
mendeley-tags = {car exposure,cycling exposure,exposure,transport exposure,underground exposure},
pages = {785--97},
pmid = {24907613},
publisher = {Elsevier B.V.},
title = {{Assessment of personal exposure to particulate air pollution during commuting in European cities--recommendations and policy implications.}},
volume = {490},
year = {2014}
}
@article{Baxter2014,
author = {Baxter, Lisa K and Sacks, Jason D},
journal = {The Science of the total environment},
keywords = {Air exchange rates,Cluster analysis,Exposure error,In-vehicle exposure,Infiltration,indoor exposure},
mendeley-tags = {indoor exposure},
pages = {631--8},
pmid = {24176711},
publisher = {Elsevier B.V.},
title = {{Clustering cities with similar fine particulate matter exposure characteristics based on residential infiltration and in-vehicle commuting factors.}},
volume = {470-471},
year = {2014}
}
@article{Maroko2012,
author = {Maroko, Andrew R.},
journal = {Applied Geography},
keywords = {environmental justice},
pages = {533--547},
publisher = {Elsevier Ltd},
title = {{Using air dispersion modeling and proximity analysis to assess chronic exposure to fine particulate matter and environmental justice in New York City}},
volume = {34},
year = {2012}
}
@article{HPotHEoT-RA2010,
author = {{Health Effects Institute}},
journal = {Health Effects Institute, Boston},
keywords = {health,traffic},
mendeley-tags = {health,traffic},
number = {January},
title = {{Traffic-related air pollution: a critical review of the literature on emissions, exposure, and health effects}},
year = {2010}
}
@book{seneca1969,
author = {Seneca, L A and Campbell, R},
isbn = {9780140442106},
publisher = {Penguin Books Limited},
series = {Classics Series},
title = {{Epistulae Morales Ad Lucilium:}},
year = {1969}
}
@article{Briggs1997,
author = {Briggs, D.J. and Collins, Susan and Elliott, Paul and Fischer, Paul H and Kingham, Simon and Lebret, Erik and Pryl, KAREL and Ree, Van and Smallbone, Kirsty and {Van Der Veen}, Andre},
journal = {International Journal of Geographical Information Science},
keywords = {LUR},
mendeley-tags = {LUR},
number = {7},
pages = {699--718},
title = {{Mapping urban air pollution using GIS: a regression-based approach}},
volume = {11},
year = {1997}
}
@article{Wu2013,
author = {Wu, Chih-Da and Macnaughton, Piers and Melly, Steve and Lane, Kevin and Adamkiewicz, Gary and Durant, John L and Brugge, Doug and Spengler, John D},
journal = {Journal of exposure science \& environmental epidemiology},
keywords = {3-d digital geography,3d,3dig,exposure,exposure assessment,near-highway pollution,particulate matter,pm,pm2.5,three-dimensional population estimation},
mendeley-tags = {3d,exposure,pm2.5},
number = {August},
pages = {1--8},
pmid = {24084758},
publisher = {Nature Publishing Group},
title = {{Mapping the vertical distribution of population and particulate air pollution in a near-highway urban neighborhood: Implications for exposure assessment.}},
year = {2013}
}
@article{Madsen2007,
author = {Madsen, Christian and Carlsen, Karin C L and Hoek, Gerard and Oftedal, Bente and Nafstad, Per and Meliefste, Kees and Jacobsen, Randi and Nystad, Wenche and Carlsen, Kai H�kon and Brunekreef, Bert},
journal = {Atmospheric Environment},
keywords = {Air pollution,Assessment,Exposure,GIS,Geographic information,Geographic information system,Land-use regression modeling,Long term,Spatial variability,Traffic,Traffic pollution},
number = {35},
pages = {7500--7511},
title = {{Modeling the intra-urban variability of outdoor traffic pollution in Oslo, Norway--A GA2LEN project}},
volume = {41},
year = {2007}
}
@article{Ragettli2013,
author = {Ragettli, Martina S. and Corradi, Elisabetta and Braun-Fahrl\"{a}nder, Charlotte and Schindler, Christian and de Nazelle, Audrey and Jerrett, Michael and Ducret-Stich, Regina E. and K\"{u}nzli, Nino and Phuleria, Harish C.},
journal = {Atmospheric Environment},
keywords = {Air pollution,Commuter,Near-road exposure,Particle size,Switzerland,Ultrafine particles,cycling exposure,exposure,transport,transport exposure},
mendeley-tags = {cycling exposure,exposure,transport,transport exposure},
pages = {376--384},
publisher = {Elsevier Ltd},
title = {{Commuter exposure to ultrafine particles in different urban locations, transportation modes and routes}},
volume = {77},
year = {2013}
}
@article{Dean2012,
author = {Dean, Denis J.},
journal = {Transactions in GIS},
pages = {n/a--n/a},
title = {{Finding Optimal Travel Routes with Uncertain Cost Data}},
year = {2012}
}
@misc{WorldHealthOrganization2012,
author = {{World Health Organization}},
booktitle = {World Health Organization website},
keywords = {air pollution,cities,global,who},
mendeley-tags = {air pollution,cities,global,who},
title = {{Database: outdoor air pollution in cities}},
year = {2012}
}
@book{Holman1999,
author = {Holman, Claire},
booktitle = {Air Pollution and Health},
isbn = {9780123523358},
keywords = {air pollution,health,ozone,trans-boundary},
mendeley-tags = {air pollution,health,ozone,trans-boundary},
pages = {115--148},
publisher = {Elsevier},
title = {{Air Pollution and Health}},
year = {1999}
}
@article{Berrocal2011,
author = {Berrocal, Veronica J and Gelfand, Alan E and Holland, David M and Burke, Janet and Miranda, Marie Lynn},
journal = {Environmetrics},
keywords = {car,conditionally autoregressive,exposure metrics,hierarchical model,model,stochastic simulator},
number = {4},
pages = {553--571},
pmid = {21691413},
title = {{On the use of a PM(2.5) exposure simulator to explain birthweight.}},
volume = {22},
year = {2011}
}
@article{Challoner2014,
author = {Challoner, Avril and Gill, Laurence},
journal = {Building and Environment},
keywords = {indoor exposure},
mendeley-tags = {indoor exposure},
pages = {159--173},
publisher = {Elsevier Ltd},
title = {{Indoor/outdoor air pollution relationships in ten commercial buildings: PM2.5 and NO2}},
volume = {80},
year = {2014}
}
@article{WorldHealthOrganization2010,
author = {{World Health Organization}},
journal = {Geneva, Switzerland: World Health Organization},
keywords = {air pollution,indoor,who},
mendeley-tags = {air pollution,indoor,who},
title = {{WHO guidelines for indoor air quality: selected pollutants}},
year = {2010}
}
@techreport{Transportation2013,
address = {Berlin},
author = {Transportation, The International Council on Clean},
keywords = {emissions,eu,icct,vehicles},
mendeley-tags = {emissions,eu,icct,vehicles},
title = {{European Vehicle Market Statistics Pocketbook 2013}},
year = {2013}
}
@article{Jacquez2011b,
author = {Jacquez, Geoffrey M and Slotnick, Melissa J and Meliker, Jaymie R and AvRuskin, Gillian and Copeland, Glenn and Nriagu, Jerome},
journal = {American journal of epidemiology},
keywords = {Databases,Factual,Humans,Residential Mobility},
number = {2},
pages = {236--43},
pmid = {21084554},
title = {{Accuracy of commercially available residential histories for epidemiologic studies.}},
volume = {173},
year = {2011}
}
@article{Kingham2013,
author = {Kingham, Simon and Longley, Ian and Salmond, Jenny and Pattinson, Woodrow and Shrestha, Kreepa},
journal = {Environmental pollution (Barking, Essex : 1987)},
keywords = {air pollution exposure,car exposure},
mendeley-tags = {car exposure},
pages = {211--218},
pmid = {23871818},
publisher = {Elsevier Ltd},
title = {{Variations in exposure to traffic pollution while travelling by different modes in a low density, less congested city.}},
volume = {181C},
year = {2013}
}
@book{schwela2002,
author = {Schwela, D and Zali, O},
isbn = {9780203029121},
publisher = {Taylor \& Francis},
title = {{Urban Traffic Pollution}},
year = {2002}
}
@article{Pedersen2013,
author = {Pedersen, Marie and Giorgis-allemand, Lise and Bernard, Claire and Aguilera, Inmaculada and Andersen, Anne-marie Nybo and Ballester, Ferran and Beelen, Rob M J},
keywords = {LUR},
mendeley-tags = {LUR},
number = {13},
title = {{Articles Ambient air pollution and low birthweight : a European cohort study ( ESCAPE )}},
volume = {2600},
year = {2013}
}
@article{Jacquez2012,
author = {Jacquez, Geoffrey M},
journal = {Spatial and spatio-temporal epidemiology},
number = {1},
pages = {7--16},
pmid = {22469487},
publisher = {Elsevier Ltd},
title = {{A research agenda: does geocoding positional error matter in health GIS studies?}},
volume = {3},
year = {2012}
}
@misc{OfficeforNationalStatistics2014,
author = {{Office for National Statistics}},
booktitle = {Office for National Statistics website},
keywords = {cycling,cycling exposure,transport,transport exposure},
mendeley-tags = {cycling,cycling exposure,transport,transport exposure},
title = {{London residents cycling to work double in 10 years}},
year = {2014}
}
@techreport{Barratt2013,
address = {London},
author = {Barratt, Benjamin and Smith, James and Stewart, Gregor and Barratt, Authors Ben},
institution = {King's College London},
keywords = {air pollution,microaeth,oxford street,peronal monitoring,regents street},
mendeley-tags = {air pollution,microaeth,oxford street,peronal monitoring,regents street},
number = {November 2012},
pages = {15},
title = {{The air quality impact of the Regent Street ‘traffic free day’, 3rd November 2012}},
year = {2013}
}
@techreport{GreaterLondonAuthorityGLA2002,
address = {London},
author = {{Greater London Authority (GLA)}},
keywords = {air quality,history,london},
number = {December},
title = {{50 Years on: The Struggle for Air Quality in London Since the Great Smog of December 1952}},
year = {2002}
}
@misc{DEFRA2011,
author = {DEFRA},
booktitle = {DEFRA website},
keywords = {air pollution,causes},
mendeley-tags = {air pollution,causes},
title = {{Causes of air pollution}},
year = {2011}
}
@article{Ostro2009,
author = {Ostro, Bart and Lipsett, Michael and Reynolds, Peggy and Goldberg, Debbie and Hertz, Andrew and Garcia, Cynthia and Henderson, Katherine D and Bernstein, Leslie},
journal = {Environ Health Perspect},
keywords = {long-term exposure},
mendeley-tags = {long-term exposure},
number = {3},
publisher = {National Institute of Environmental Health Sciences},
title = {{Long-Term Exposure to Constituents of Fine Particulate Air Pollution}},
volume = {118},
year = {2009}
}
@article{Meliker2011,
author = {Meliker, Jaymie R and Sloan, Chantel D},
journal = {Spatial and spatio-temporal epidemiology},
keywords = {Data Interpretation,Disease Outbreaks,Disease Outbreaks: statistics \& numerical data,Epidemiological Monitoring,Geographic Information Systems,Geography,Humans,Medical,Medical: methods,Medical: statistics \& numerical data,Spatio-Temporal Analysis,Statistical,dynamic},
mendeley-tags = {dynamic},
number = {1},
pages = {1--9},
pmid = {22749546},
publisher = {Elsevier Ltd},
title = {{Spatio-temporal epidemiology: principles and opportunities.}},
volume = {2},
year = {2011}
}
@techreport{EuropeanCommission2013,
author = {{European Commission}},
keywords = {air quality,europe,pollution},
mendeley-tags = {air quality,europe,pollution},
number = {January 2013},
pages = {20},
title = {{Attitudes of Europeans Towards Air Quality}},
year = {2013}
}
@misc{TheUnitedNationsStatisticsDivision2013,
author = {{The United Nations Statistics Division}},
booktitle = {United Nations website},
keywords = {beijing,china,mexico,mexico city,un,united nations},
mendeley-tags = {beijing,china,mexico,mexico city,un,united nations},
title = {{UNData - Country Profiles}},
year = {2013}
}
@article{Sengupta1996,
author = {Sengupta, S and Patil, RS},
journal = {environment and urban systems},
number = {3},
pages = {191--199},
title = {{Assessment of population exposure and risk zones due to air pollution using the geographical information system}},
volume = {20},
year = {1996}
}
@article{MacNeill2012,
author = {MacNeill, M. and Wallace, L. and Kearney, J. and Allen, R.W. and {Van Ryswyk}, K. and Judek, S. and Xu, X. and Wheeler, A.},
journal = {Atmospheric Environment},
keywords = {ambient personal exposure factor,f inf,f pex,in fi ltration factor,indoor exposure},
mendeley-tags = {indoor exposure},
pages = {518--532},
title = {{Factors influencing variability in the infiltration of PM2.5 mass and its components}},
volume = {61},
year = {2012}
}
@misc{Wikipedia2014,
author = {Wikipedia},
booktitle = {Wikipedia},
keywords = {cycling,cycling exposure,transport,transport exposure},
mendeley-tags = {cycling,cycling exposure,transport,transport exposure},
title = {{List of bicycle sharing systems}},
year = {2014}
}
@techreport{EuropeanEnvironmentAgency1999,
author = {{European Environment Agency}},
keywords = {air pollution,europe,trans-boundary},
mendeley-tags = {air pollution,europe,trans-boundary},
number = {x},
pages = {133--154},
title = {{Environment in the European Union at the turn of the century}},
year = {1999}
}
@article{Britter2003,
author = {Britter, RE and Hanna, SR},
journal = {Annual Review of Fluid Mechanics},
keywords = {and concern about sustainability,and quality,and street,areas,at four scales,city,flow and dispersion in,neighborhood,of life issues have,pollutant dispersion,produced considerable interest in,regional,s abstract increasing urbanization,turbulence,urban,urban boundary layer,we address this subject},
number = {1},
pages = {469--496},
title = {{Flow and dispersion in urban areas}},
volume = {35},
year = {2003}
}
@article{Funasaka2000,
author = {Funasaka, K and Miyazaki, T and Tsuruho, K and Tamura, K and Mizuno, T and Kuroda, K},
isbn = {0269-7491},
journal = {Environmental Pollution},
keywords = {Diesel,Elemental carbon,Indoor air,Particulate matter,Roadside},
number = {1},
pages = {127--134},
title = {{Relationship between indoor and outdoor carbonaceous particulates in roadside households}},
volume = {110},
year = {2000}
}
@article{Guting1994,
author = {G\"{u}ting, RH},
journal = {The VLDB Journal—The International Journal on Very \ldots},
keywords = {spatial databases},
mendeley-tags = {spatial databases},
number = {4},
title = {{An introduction to spatial database systems}},
volume = {3},
year = {1994}
}
@article{Davies2009,
author = {Davies, Gemma and Whyatt, Duncan},
journal = {Transactions in GIS},
number = {2},
pages = {229--246},
title = {{A Least-Cost Approach to Personal Exposure Reduction}},
volume = {13},
year = {2009}
}
@misc{OrdnanceSurvey2015,
author = {{Ordnance Survey}},
booktitle = {Ordnance Survey website},
keywords = {postcode},
mendeley-tags = {postcode},
title = {{Code-Point with polygons}},
year = {2015}
}
@article{larsen2013bike,
author = {Larsen, Janet},
journal = {Earth Policy Institute},
title = {{Bike-Sharing Programs Hit the Streets in Over 500 Cities Worldwide}},
volume = {25},
year = {2013}
}
@article{Minguillon2012,
author = {Minguill\'{o}n, M.C. and Schembari, A. and Triguero-Mas, M. and de Nazelle, A. and Dadvand, P. and Figueras, F. and Salvado, J.a. and Grimalt, J.O. and Nieuwenhuijsen, M. and Querol, X.},
journal = {Atmospheric Environment},
keywords = {indoor exposure},
mendeley-tags = {indoor exposure},
pages = {426--436},
publisher = {Elsevier Ltd},
title = {{Source apportionment of indoor, outdoor and personal PM2.5 exposure of pregnant women in Barcelona, Spain}},
volume = {59},
year = {2012}
}
@techreport{Hurley2003,
author = {Hurley, JF F and Cherrie, JW W and Donaldson, K and Seaton, A and Tran, C L},
institution = {Institute of occupational Medicine},
keywords = {underground exposure},
mendeley-tags = {underground exposure},
number = {December},
title = {{Assessment of health effects of long-term occupational exposure to tunnel dust in the London Underground}},
year = {2003}
}
@article{UnitedNations1998,
author = {{United Nations}},
keywords = {climate change,diesel,emissions,kyoto,vehicles},
mendeley-tags = {climate change,diesel,emissions,kyoto,vehicles},
title = {{Kyoto Protocol to the United Nations Framework Convention on Climate Change}},
year = {1998}
}
@article{Branis2009,
author = {Branis, Martin and Safr\'{a}nek, Jir\'{\i} and Hytychov\'{a}, Ad\'{e}la},
isbn = {0360-1323},
journal = {Building and Environment},
keywords = {Automotive exhaust,Children,Indoor environment,Indoor-outdoor relationship,Urban air},
number = {6},
pages = {1246--1252},
title = {{Exposure of children to airborne particulate matter of different size fractions during indoor physical education at school}},
volume = {44},
year = {2009}
}
@article{Laden2006,
author = {Laden, Francine and Schwartz, Joel and Speizer, Frank E and Dockery, Douglas W},
journal = {American journal of respiratory and critical care medicine},
keywords = {Adult,Aged,Air Pollutants,Air Pollutants: adverse effects,Air Pollutants: analysis,Cardiovascular Diseases,Cardiovascular Diseases: mortality,Female,Humans,Lung Neoplasms,Lung Neoplasms: mortality,Male,Middle Aged,Proportional Hazards Models,Retrospective Studies,Risk Factors,Survival Rate,Survival Rate: trends,United States,United States: epidemiology,Urban Population},
number = {6},
pages = {667--72},
pmid = {16424447},
title = {{Reduction in fine particulate air pollution and mortality: Extended follow-up of the Harvard Six Cities study.}},
volume = {173},
year = {2006}
}
@misc{PostgreSQL2014,
author = {PostgreSQL},
keywords = {database},
mendeley-tags = {database},
title = {{PostgreSQL: The world's most advanced open source database}},
year = {2014}
}
@misc{OrdnanceSurvey2015a,
author = {{Ordnance Survey}},
booktitle = {Ordnance Survey website},
title = {{Code-Point Open}},
year = {2015}
}
@misc{TransportforLondon2014,
author = {{Transport for London}},
booktitle = {Transport for London website},
keywords = {cycling,cycling exposure},
mendeley-tags = {cycling,cycling exposure},
title = {{Barclays Cycle Hire}},
year = {2014}
}
@misc{EnvironmentProtectionAuthority2013,
author = {{Environment Protection Authority}},
booktitle = {Environment Protection Authority website},
keywords = {air pollution,weather},
mendeley-tags = {air pollution,weather},
title = {{How Weather Affects Air Quality}},
year = {2013}
}
@article{Brunekreef2002,
author = {Brunekreef, Bert and Holgate, Stephen T},
institution = {Department of Medicine, The University of Hong Kong, Queen Mary Hospital, Hong Kong.},
journal = {Tidsskrift for den Norske laegeforening tidsskrift for praktisk medicin ny raekke},
keywords = {air pollutants,air pollutants adverse effects,air pollutants chemistry,cardiovascular diseases,cardiovascular diseases chemically induced,environmental monitoring,environmental monitoring standards,europe,humans,international cooperation,nitrogen dioxide,nitrogen dioxide adverse effects,oxidants,ozone,ozone adverse effects,photochemical,photochemical adverse effects,respiratory tract diseases,respiratory tract diseases chemically induced,risk factors,sulfur dioxide,sulfur dioxide adverse effects,united states,world health organization},
number = {1},
pages = {2147--2148},
publisher = {BMJ Group},
title = {{Air pollution and health.}},
volume = {116},
year = {2002}
}
@misc{Oracle2014,
author = {Oracle},
keywords = {database},
mendeley-tags = {database},
title = {{Oracle Express}},
year = {2014}
}
@article{DeNazelle2013,
author = {de Nazelle, Audrey and Seto, Edmund and Donaire-Gonzalez, David and Mendez, Michelle and Matamala, Jaume and Nieuwenhuijsen, Mark J and Jerrett, Michael},
journal = {Environmental pollution (Barking, Essex : 1987)},
keywords = {Activities of Daily Living,Adult,Air Pollution,Air Pollution: statistics \& numerical data,Environmental Monitoring,Environmental Monitoring: methods,Female,Geographic Information Systems,Humans,Inhalation Exposure,Inhalation Exposure: analysis,Inhalation Exposure: statistics \& numerical data,Male,Spain},
pages = {92--9},
pmid = {23416743},
publisher = {Elsevier Ltd},
title = {{Improving estimates of air pollution exposure through ubiquitous sensing technologies.}},
volume = {176},
year = {2013}
}
@misc{DepartmentforTransport2012,
author = {{Department for Transport}},
booktitle = {Department for Transport website},
keywords = {cars,vehicles},
mendeley-tags = {cars,vehicles},
title = {{Vehicle Statistics (VEH02)}},
year = {2012}
}
@techreport{Carslaw2013,
address = {London},
author = {Carslaw, D C and ApSimon, H M and Beevers, Sean D and Brooks, Daniel and Carruthers, David and Cooke, Sally and Kitwiroon, Nutthida and Oxley, Tim and Steadman, John and Stocker, Jennifer},
booktitle = {Defra Phase 2 urban model evaluation},
file = {:C$\backslash$:/Users/james.ERG/Documents/Mendeley Desktop/Carslaw et al. - 2013 - Defra Phase 2 urban model evaluation.pdf:pdf},
institution = {King's College London},
mendeley-groups = {PhD-KCL},
number = {October},
title = {{Defra Phase 2 urban model evaluation}},
url = {http://uk-air.defra.gov.uk/assets/documents/reports/cat20/1312021020{\_}131031urbanPhase2.pdf},
year = {2013}
}
@techreport{GreaterLondonAuthorityGLA2015,
address = {London},
author = {{Greater London Authority (GLA)}},
file = {:C$\backslash$:/Users/james.ERG/Documents/Mendeley Desktop/Greater London Authority (GLA) - 2015 - Cleaner Air for London.pdf:pdf},
number = {July},
title = {{Cleaner Air for London}},
url = {https://www.london.gov.uk/sites/default/files/maqs{\_}2015{\_}progress{\_}report{\_}final{\_}for{\_}publication.pdf},
year = {2015}
}
@article{Naess2007,
author = {Naess, Oyvind and Piro, Fredrik N and Nafstad, Per and Smith, George Davey and Leyland, Alastair H},
doi = {10.1097/EDE.0b013e3181567d14},
file = {:C$\backslash$:/Users/james.ERG/Documents/Mendeley Desktop/Naess et al. - 2007 - Air pollution, social deprivation, and mortality a multilevel cohort study.pdf:pdf},
isbn = {1044-3983},
issn = {1044-3983},
journal = {Epidemiology (Cambridge, Mass.)},
number = {6},
pages = {686--694},
pmid = {18049185},
title = {{Air pollution, social deprivation, and mortality: a multilevel cohort study.}},
volume = {18},
year = {2007}
}
@article{Fernandez-somoano2014,
author = {Fern{\'{a}}ndez-Somoano, Ana and Tardon, Adonina},
doi = {10.1136/jech-2013-202722},
file = {:C$\backslash$:/Users/james.ERG/Documents/Mendeley Desktop/Fern{\'{a}}ndez-somoano, Tardon - 2014 - Socioeconomic status and exposure to outdoor NO 2 and benzene in the Asturias INMA birth cohort , Spa.pdf:pdf},
isbn = {1470-2738},
issn = {1470-2738},
journal = {Journal of epidemiology and community health},
keywords = {Adult,Air Pollutants,Air Pollutants: analysis,Benzene,Benzene: analysis,Cohort Studies,Environmental Monitoring,Environmental Monitoring: methods,Environmental Monitoring: statistics {\&} numerical d,Female,Humans,Linear Models,Maternal Exposure,Maternal Exposure: statistics {\&} numerical data,Multicenter Studies as Topic,Nitrogen Dioxide,Nitrogen Dioxide: analysis,Particulate Matter,Particulate Matter: analysis,Pregnancy,Social Class,Spain,Vehicle Emissions,Vehicle Emissions: analysis,Young Adult},
number = {1},
pages = {29--36},
pmid = {23999377},
title = {{Socioeconomic status and exposure to outdoor NO2 and benzene in the Asturias INMA birth cohort, Spain.}},
url = {http://www.pubmedcentral.nih.gov/articlerender.fcgi?artid=3888634{\&}tool=pmcentrez{\&}rendertype=abstract},
volume = {68},
year = {2014}
}
@article{Wang2015,
author = {Wang, Chenchen and Tu, Yifan and Yu, Zongliang and Lu, Rongzhu},
doi = {10.3390/ijerph120708187},
file = {:C$\backslash$:/Users/james.ERG/Documents/Mendeley Desktop/Wang et al. - 2015 - PM2.5 and Cardiovascular Diseases in the Elderly An Overview.pdf:pdf},
issn = {1660-4601},
journal = {International journal of environmental research and public health},
keywords = {Cardiovascular disease (CVD),PM2.5,susceptibility,the elderly},
number = {7},
pages = {8187--97},
pmid = {26193289},
title = {{PM2.5 and Cardiovascular Diseases in the Elderly: An Overview.}},
url = {http://www.pubmedcentral.nih.gov/articlerender.fcgi?artid=4515716{\&}tool=pmcentrez{\&}rendertype=abstract},
volume = {12},
year = {2015}
}
@article{Moore2016,
author = {Moore, Elizabeth and Chatzidiakou, Lia and Jones, Roderic L and Smeeth, Liam and Beevers, Sean and Kelly, Frank J and {K Quint}, Jennifer and Barratt, Benjamin},
doi = {10.1136/bmjopen-2016-011330},
issn = {2044-6055},
journal = {BMJ open},
keywords = {COPD,Exacerbation,Monitor,Pollution},
mendeley-groups = {PhD-KCL},
month = {jul},
number = {7},
pages = {e011330},
pmid = {27412104},
publisher = {British Medical Journal Publishing Group},
title = {{Linking e-health records, patient-reported symptoms and environmental exposure data to characterise and model COPD exacerbations: protocol for the COPE study.}},
url = {http://www.ncbi.nlm.nih.gov/pubmed/27412104 http://www.pubmedcentral.nih.gov/articlerender.fcgi?artid=PMC4947745},
volume = {6},
year = {2016}
}
